3480 5512
912 475 949 486 ..
973 442 1011 500 10
1031 477 1068 486 ..

329 554 414 614 bonis
433 555 504 628 suis,
525 559 663 614 teneatur
692 556 861 632 relinquere
892 554 982 616 Gurie
1003 555 1117 616 solidos
1136 555 1178 617 X.
1199 555 1329 632 Reliqua
1359 573 1430 616 vero
1460 552 1542 612 bona
1564 551 1656 630 possit

328 673 377 731 cui
396 671 524 733 voluerit
544 671 713 748 relinquere
733 675 763 730 et
783 671 895 749 legare.
917 670 950 730 si
971 691 1042 733 vero
1055 673 1215 732 intestatus
1229 671 1403 744 decesserit,
1417 690 1477 729 non
1497 668 1658 748 superstite

328 787 386 848 sibi
405 789 503 864 aliquo
533 787 754 866 predictorum,
776 788 917 849 succedat
939 791 1102 868 proximior
1121 790 1152 848 in
1174 787 1291 866 gradu,
1319 786 1487 848 secundum
1518 789 1656 845 naturam

328 905 533 977 successionis,
556 908 587 962 et
606 909 744 965 teneatur
764 923 919 965 successor
951 905 1023 964 dare
1045 904 1135 964 Ourie
1158 904 1191 964 X
1211 903 1330 976 solidos,
1352 907 1387 962 ut
1406 906 1584 962 consuetum
1604 903 1658 958 est

287 1047 298 1097 5
328 1021 462 1095 Quodsi
482 1022 662 1100 supradictis
691 1019 903 1099 superstitibus
934 1023 1001 1099 quis
1030 1021 1193 1082 decesserit
1216 1021 1264 1082 vel
1286 1021 1384 1097 aliquo
1415 1023 1567 1100 ipsorum,
1599 1038 1660 1077 non

327 1142 466 1198 teneatur
485 1138 653 1214 relinquere
674 1137 788 1214 aliquid
809 1137 907 1210 Gurie,
929 1156 986 1198 neo
1007 1156 1162 1197 successor
1182 1137 1262 1211 dare,
1284 1137 1339 1196 sed
1358 1134 1451 1196 libere
1472 1139 1502 1195 et
1523 1134 1660 1195 absolute

328 1255 490 1316 succedant
510 1255 675 1315 secundum
703 1261 839 1315 naturam
866 1256 1065 1316 successionis
1095 1257 1144 1316 vel
1175 1255 1340 1316 secundum
1363 1255 1590 1333 dispositionem
1608 1273 1660 1330 pa·

327 1374 447 1430 rentum
467 1376 498 1431 et
517 1373 808 1448 consanguineorum
838 1372 990 1448 ipsorum,
1012 1373 1038 1430 si
1059 1389 1110 1430 eos
1130 1370 1260 1430 condere
1288 1373 1468 1430 testamenta
1494 1370 1661 1446 contingat,

328 1485 489 1546 dummodo
510 1486 591 1563 quod
611 1487 654 1545 illi
675 1486 714 1546 ad
735 1505 860 1563 quorum
882 1506 989 1546 manus
1010 1487 1125 1560 domus,
1140 1485 1233 1546 feuda
1251 1491 1281 1546 et
1295 1487 1353 1545 alia
1366 1484 1446 1546 bona
1465 1483 1587 1545 stabilia
1607 1502 1662 1562 per

270 1627 302 1666 ro
327 1608 508 1664 testamenta
528 1605 632 1665 relicta
652 1605 841 1683 perveniunt,
862 1605 911 1664 vel
933 1603 1042 1682 quibus
1062 1623 1113 1665 eos
1129 1608 1180 1666 vel
1194 1607 1323 1684 aliquem
1343 1607 1476 1682 ipsorum
1496 1602 1663 1664 succedere

329 1721 495 1796 contingat,
526 1724 686 1780 teneantur
717 1726 747 1781 et
778 1718 908 1780 debeant
938 1721 1037 1780 iurare
1068 1720 1283 1798 vassallagium
1318 1720 1447 1780 dominis
1476 1720 1525 1781 vel
1554 1739 1662 1779 eorum

327 1837 427 1897 vicem
448 1839 567 1914 gerenti
592 1839 617 1897 si
644 1857 704 1896 non
735 1844 855 1909 essent,
876 1840 907 1897 et
927 1834 1063 1895 habitare
1095 1835 1207 1896 dictum
1238 1845 1369 1896 castrum
1390 1834 1534 1908 Olebani,
1554 1839 1592 1894 ut
1612 1836 1664 1894 alii

327 1952 459 2024 vassalli,
483 1956 514 2010 et
534 1951 613 2028 quod
633 1953 718 2010 ouria
739 1950 848 2011 debitis
868 1952 998 2011 servitiis
1018 1972 1079 2011 non
1099 1949 1265 2012 fraudetur.
1285 1951 1365 2014 Etsi
1379 1951 1452 2011 dicti
1471 1970 1665 2011 successores

326 2072 463 2146 tempore
484 2068 587 2126 mortis
608 2069 749 2144 ipsorum,
771 2065 881 2143 quibus
901 2066 1075 2140 succedunt,
1090 2087 1150 2126 non
1164 2072 1266 2127 essent
1284 2068 1407 2128 vassalli
1425 2071 1456 2128 et
1475 2066 1665 2127 habitatores

268 2209 295 2257 ις
327 2183 399 2242 dicti
424 2185 533 2257 castri,
555 2183 635 2260 quod
655 2187 815 2243 teneantur
844 2182 1042 2243 hereditatem
1062 2203 1227 2260 agnoscere
1257 2183 1337 2244 infra
1357 2185 1432 2246 duos
1452 2203 1569 2245 menses
1592 2193 1665 2264 post

327 2296 440 2357 obitum
462 2295 604 2371 defuncti,
626 2298 683 2356 nisi
704 2302 805 2357 essent
835 2302 953 2357 tantum
973 2300 1005 2358 in
1025 2301 1147 2360 remotis
1174 2298 1310 2378 partibus
1331 2300 1412 2376 quod
1432 2299 1470 2360 de
1490 2303 1587 2359 morte
1612 2300 1666 2360 de-

326 2413 422 2474 functi
441 2420 564 2494 possent
584 2416 688 2474 merito
702 2416 850 2492 ignorare,
866 2416 946 2493 quod
960 2420 1033 2476 tuno
1047 2415 1178 2476 habeant
1192 2422 1311 2496 tempus
1324 2417 1501 2494 legitimum,
1516 2414 1665 2476 videlicet

326 2529 453 2590 duorum
473 2532 619 2590 mensium
639 2550 657 2588 a
677 2529 726 2589 die
746 2550 805 2606 qua
824 2533 968 2591 sciverint
989 2531 1026 2590 de
1048 2537 1142 2592 morte
1162 2534 1303 2610 ipsorum.
1331 2533 1417 2592 Etsi
1437 2530 1516 2592 infra
1540 2532 1662 2592 dictum

323 2649 484 2706 terminum
504 2648 695 2724 negligentes
715 2648 869 2706 extiterint
891 2667 1054 2724 agnoscere
1074 2649 1280 2724 hereditatem,
1303 2649 1367 2708 loco
1389 2669 1491 2708 eorum
1511 2649 1662 2709 succedat

266 2787 299 2826 20
325 2765 431 2840 aliquis
452 2765 614 2843 proximior
635 2765 665 2821 iu
692 2763 789 2840 gradu
821 2763 963 2839 defuncti,
985 2766 1011 2824 si
1032 2764 1104 2824 dicti
1128 2768 1219 2825 castri
1239 2768 1279 2825 sit
1306 2765 1463 2841 habitator,
1484 2767 1532 2829 vel
1553 2773 1660 2842 extra,

324 2882 350 2940 si
370 2891 491 2958 paratus
512 2881 612 2940 veniet
633 2881 731 2939 animo
762 2879 944 2939 succedendi
968 2883 998 2940 et
1023 2881 1225 2957 cognoscendi
1252 2881 1450 2943 hereditatem
1479 2880 1558 2941 infra
1577 2883 1661 2943 alios

325 2997 401 3057 duos
421 3015 560 3056 menses!
568 2997 609 3055 Et
628 3000 672 3056 sic
693 2995 730 3054 de
751 2996 880 3072 singulis
902 2997 1049 3072 usquein
1070 2995 1227 3071 infinitum,
1240 2999 1296 3058 hoc
1317 3004 1362 3058 est
1384 2998 1456 3058 dum
1467 2999 1572 3074 aliquis
1588 3017 1666 3058 con·

325 3115 559 3190 sanguineorum
579 3111 713 3171 defuncti
734 3112 895 3172 invenitur.
910 3112 1009 3172 Aliter
1023 3132 1094 3172 vero
1108 3134 1169 3173 non
1183 3118 1307 3173 extante
1321 3115 1420 3190 aliquo
1443 3112 1661 3191 predictorum,

326 3233 408 3291 ouria
428 3229 570 3290 succedat
589 3232 621 3288 in
642 3227 779 3289 omnibus
801 3226 887 3287 bonis
914 3231 985 3289 suis.
1007 3229 1048 3288 st
1067 3250 1192 3307 presens
1212 3232 1375 3308 capitulum
1397 3231 1583 3307 intelligatur
1595 3236 1662 3291 tam

266 3371 297 3424 25
326 3352 357 3408 in
377 3346 528 3407 nobilibus
550 3367 639 3423 quam
661 3345 820 3424 peditibus
843 3346 959 3406 clericis
979 3353 1010 3406 et
1030 3349 1113 3407 laicis
1136 3347 1207 3406 dicti
1228 3348 1329 3406 castri.

415 3526 549 3586 XXXV.
571 3528 624 3586 De
646 3521 812 3586 civilibus

404 3696 482 3755 Item
502 3697 571 3773 quia
592 3696 623 3755 iu
644 3696 723 3755 dieto
743 3701 839 3755 castro
861 3697 1032 3774 questiones
1046 3696 1149 3757 civiles
1163 3694 1278 3754 modice
1292 3694 1468 3771 quantitatis
1487 3700 1655 3770 exurgunt,

325 3816 470 3872 statutum
490 3816 521 3870 et
541 3812 709 3871 ordinatum
730 3809 787 3870 fuit
807 3812 887 3888 quod
907 3814 938 3870 iu
959 3814 1057 3871 causis
1083 3811 1220 3873 civilibus
1250 3811 1320 3870 talis
1339 3810 1446 3870 modus
1473 3829 1529 3888 per
1549 3813 1660 3870 castel-

326 3930 427 3987 lanum
448 3928 497 3991 vel
518 3929 662 3990 vicarium
683 3929 755 3988 dicti
775 3932 873 4003 castri,
896 3931 946 4006 qui
967 3950 1022 4008 per
1041 3938 1176 4006 tempora
1198 3925 1318 4003 fuerint,
1337 3933 1484 3989 servetur.

268 4129 300 4182 30
410 4107 564 4168 XXXVI.
586 4109 680 4169 Ordo
700 4106 910 4183 procedendi
930 4106 966 4169 iu
988 4107 1154 4170 civilibus.

406 4276 445 4335 In
466 4277 572 4353 primis
591 4276 671 4353 quod
692 4279 717 4338 si
739 4279 805 4354 quis
825 4277 952 4338 voluerit
977 4297 1068 4354 agere
1088 4281 1192 4337 contra
1212 4277 1350 4354 aliquem,
1373 4276 1452 4354 quod
1473 4277 1573 4355 ipsum
1592 4295 1661 4336 oon-
1738 4285 1739 4290 ’

329 4393 431 4451 veniet
451 4411 551 4451 eoram
583 4391 754 4453 Oastellano
787 4413 841 4453 seu
871 4396 991 4470 vicario,
1012 4394 1149 4454 faciendo
1179 4397 1278 4473 ipsum
1307 4394 1408 4455 vocari
1430 4412 1485 4472 per
1504 4393 1661 4472 publicum
1738 4397 1739 4404 ’

329 4507 548 4566 mandatarium
571 4527 630 4566 una
650 4508 698 4568 die
719 4529 773 4586 pro
794 4510 860 4568 alia.
882 4509 923 4569 Et
944 4509 1024 4586 quod
1045 4509 1287 4588 comparentibus
1307 4509 1453 4588 partibus,
1468 4507 1659 4570 Oastellanus
1738 4489 1739 4532 l

327 4643 382 4682 seu
403 4624 532 4684 vicarius
563 4623 666 4682 audiat
695 4642 802 4686 causas
831 4626 972 4704 ipsorum,
995 4631 1025 4686 et
1047 4627 1079 4685 in
1099 4627 1172 4704 ipsis
1201 4625 1344 4704 procedat
1374 4626 1536 4686 summarie
1566 4629 1598 4686 et
1618 4625 1657 4684 de

267 4765 278 4818 3
284 4766 296 4817 ς
327 4740 427 4817 plano,
448 4743 538 4817 prout
559 4741 675 4816 negotii
695 4742 822 4817 qualitas
855 4743 999 4819 exegerit,
1032 4741 1131 4802 dando
1152 4743 1195 4802 eis
1216 4746 1419 4821 competentes
1444 4741 1610 4814 dilationes,
1632 4745 1663 4800 et
