3464 5508
644 389 722 449 ..7
752 423 782 434 ..

113 569 203 629 ΧΧ.
226 570 330 647 Quod
351 567 449 630 curia
469 583 540 629 non
560 567 652 628 sinat
672 567 831 628 laborare
851 569 965 627 terras
983 563 1051 627 nisi
1070 563 1238 626 vassallis.

112 738 209 799 Item
229 739 310 815 qued
329 741 414 798 curia
440 758 501 798 non
531 738 663 797 dimittat
693 736 828 796 laborare
859 743 955 796 terras
987 737 1204 795 territoriorum
1236 734 1383 794 dictorum

48 859 218 914 astrorum
238 857 306 914 aliis
325 856 461 932 personis
484 874 574 930 qnam
605 853 742 914 vassallis
763 852 801 910 de
822 851 902 910 dicto
933 861 1030 911 castro
1061 851 1189 923 Olibani,
1223 849 1385 910 dummodo

50 969 117 1028 uod
142 970 234 1029 dicte
253 975 334 1029 terre
354 971 471 1046 possint
491 989 546 1048 per
565 971 646 1046 ipsos
666 968 791 1028 comode
811 966 950 1027 laborari.

119 1150 226 1209 XXI.
247 1149 300 1209 De
320 1147 428 1210 lectis.
1416 1163 1427 1214 5

119 1319 213 1378 Item
232 1319 314 1396 quod
334 1317 461 1396 quilibet
490 1320 622 1396 ipsorum
653 1318 789 1396 peditum
809 1320 949 1377 teneatur
966 1315 1067 1377 facere
1087 1337 1181 1376 unum
1201 1317 1312 1376 lectum
1332 1336 1387 1395 per

48 1455 162 1494 lunum
186 1435 228 1494 ad
248 1435 425 1494 mandatnm
445 1433 545 1507 Ourie,
565 1434 658 1494 salvis
678 1434 793 1507 militia,
814 1434 936 1510 nuptiis,
958 1433 1101 1506 exercitu,
1117 1430 1270 1508 inquibus
1290 1431 1387 1492 tribue

48 1551 171 1611 casibus
187 1549 303 1610 faciant
317 1552 419 1624 lectos,
434 1554 523 1628 prout
536 1550 691 1626 hucusque
712 1553 941 1622 consueverunt,
954 1555 984 1610 et
1004 1567 1072 1608 cum
1093 1549 1232 1609 venerint
1251 1547 1388 1610 forenses

48 1667 81 1725 td
104 1669 230 1729 curiam
251 1688 270 1726 a
289 1667 373 1726 XXtl
397 1686 497 1746 supra,
518 1670 679 1726 teneantur
709 1665 809 1725 faeere
829 1665 923 1725 lectos
944 1667 1017 1743 ipsis
1039 1664 1079 1724 ad
1099 1663 1274 1724 mandatum
1295 1666 1387 1740 curie,

48 1804 74 1842 m
90 1804 156 1860 quo
173 1804 249 1844 casu
263 1788 453 1862 computetur
466 1783 561 1842 lectus
582 1783 633 1859 qui
653 1781 718 1842 fieri
740 1781 830 1843 debet
849 1802 904 1860 per
921 1801 1043 1842 annum.
1057 1781 1136 1841 Etsi
1151 1781 1264 1841 dictum
1278 1781 1388 1841 lectum
1418 1793 1453 1834 ιο

48 1897 152 1960 facere
176 1901 319 1974 noluerit,
340 1900 439 1960 solvat
459 1898 597 1958 denarios
618 1903 745 1982 quatuor
766 1902 796 1958 et
818 1895 877 1979 [ad]
899 1897 983 1956 aliud
1002 1916 1063 1958 non
1084 1903 1219 1975 cogatur.

129 2079 248 2139 XXII.
268 2079 322 2138 De
343 2081 466 2154 quarta
486 2092 680 2152 pomorum

130 2249 218 2308 Item
240 2247 321 2323 quod
348 2244 475 2323 quilibet
503 2203 638 2323 ipsorum
666 2248 805 2303 teneatur
834 2243 970 2306 dividere
991 2243 1031 2304 ad
1061 2253 1177 2322 portam
1209 2243 1281 2304 dicti
1301 2247 1392 2306 castri

49 2361 187 2424 Olebani
208 2373 373 2436 castaneas,
395 2381 532 2438 quercus,
554 2362 658 2436 olivas,
680 2380 780 2435 nuces,
803 2380 956 2439 canapem‚
989 2382 1092 2422 semen
1113 2381 1235 2441 canape,
1258 2384 1332 2440 quas
1353 2366 1391 2426 de

51 2482 143 2539 terris
166 2481 252 2540 curie
272 2480 447 2558 percipient,
469 2483 500 2540 et
520 2482 657 2555 quartam
677 2482 794 2557 partem
815 2479 971 2555 assignare
992 2478 1090 2539 Ourie.
1422 2490 1452 2544 ¹5

133 2659 268 2718 XXIII.
289 2659 342 2718 De
363 2655 566 2719 auctoritate
586 2655 739 2718 intrandi
759 2661 792 2718 et
813 2655 960 2718 exeundi
981 2655 1114 2719 dictum
1135 2662 1299 2720 castrum.

135 2829 219 2888 Item
241 2827 322 2905 quod
352 2827 478 2904 quilibet
498 2833 560 2887 tam
590 2827 734 2888 nobilium
766 2849 855 2905 quam
886 2829 1022 2908 peditum
1044 2829 1116 2890 dicti
1147 2831 1237 2890 castri
1267 2829 1393 2890 liberam

57 2937 171 3000 habeat
192 2943 372 3019 potestatem
393 2941 525 3000 intrandi
545 2944 576 3000 et
595 2941 727 3001 exeundi
748 2942 861 3002 dictum
882 2947 1022 3015 castrum,
1049 2962 1117 3002 cum
1142 2942 1228 3004 bonis
1249 2946 1313 3004 eius
1333 2965 1395 3006 mo·

59 3049 183 3128 bilibus,
206 3059 237 3114 et
257 3055 301 3113 ire
321 3074 378 3131 quo
398 3053 528 3114 voluerit
547 3074 602 3132 pro
622 3052 706 3113 libito
720 3055 892 3129 voluntatis,
908 3057 965 3116 nisi
978 3062 1058 3116 esset
1072 3056 1181 3116 debitis
1199 3065 1394 3137 aggravatus,

62 3165 98 3227 <le
120 3169 235 3246 quibus
256 3175 416 3247 antequam
437 3174 526 3231 exeat
545 3169 710 3231 satisfaciat
729 3170 927 3232 creditoribus
948 3171 1057 3249 quibua
1078 3179 1158 3234 esset
1178 3173 1334 3237 obnoxius.
1423 3186 1458 3226 20

140 3347 266 3409 XXIV.
286 3347 340 3408 De
361 3346 524 3409 exercitu.

142 3519 226 3578 Item
247 3518 328 3594 qnod
357 3517 484 3595 quilibet
514 3522 652 3579 teneatur
682 3519 726 3577 ire
747 3518 785 3577 ad
806 3521 971 3579 exercitum
993 3521 1179 3583 dominorum
1203 3543 1271 3585 cum
1293 3527 1345 3600 eis,
1367 3532 1398 3587 et

67 3635 177 3692 morari
199 3632 309 3693 debeat
329 3635 361 3692 in
380 3635 516 3695 exercitu
537 3653 691 3711 quousque
713 3634 785 3692 dicti
807 3633 917 3694 domini
939 3637 1143 3713 morabuntur,
1166 3640 1307 3702 videlicet
1319 3661 1399 3702 unus

67 3764 119 3820 per
140 3747 308 3825 quamlibet
328 3747 459 3808 domum.
482 3748 514 3808 si
535 3769 607 3812 vero
628 3751 659 3809 in
680 3749 768 3810 domo
789 3753 869 3810 esset
900 3752 1006 3810 mulier
1037 3753 1133 3813 solum
1160 3755 1209 3815 vel
1228 3756 1316 3816 homo
1337 3776 1398 3816 nou

69 3863 227 3938 sufficiens,
249 3865 300 3940 qui
320 3883 454 3940 congrue
474 3866 569 3942 possit
584 3864 723 3946 [deferre]
740 3887 831 3940 arma,
843 3872 917 3925 tunc
927 3887 988 3926 non
998 3871 1137 3927 teneatur
1151 3871 1195 3929 ire
1209 3890 1265 3930 nec
1280 3873 1398 3932 mittere
1428 3885 1441 3923 2
1447 3885 1458 3938 5

72 3997 112 4038 eo.
134 3978 223 4050 Quod
244 3997 363 4058 semper
383 3983 489 4040 euntes
509 3979 641 4040 habeant
661 4000 809 4060 expensas
830 4002 848 4041 a
868 3981 959 4040 Curia
980 4002 999 4041 a
1019 3981 1068 4042 die
1089 4003 1148 4059 qua
1169 3984 1361 4045 discesserint
1382 4008 1400 4047 e

72 4103 166 4154 castro
186 4113 341 4170 quousque
361 4092 506 4154 redierint
526 4095 565 4154 ad
586 4095 700 4154 dictum
731 4101 862 4157 castrum
883 4101 914 4157 et
935 4097 1066 4172 idoneas,
1088 4102 1123 4156 ut
1146 4105 1321 4160 consuetum
1343 4107 1399 4163 est.

149 4272 253 4333 XXV.
277 4274 332 4333 De
363 4288 469 4335 censu
499 4272 690 4336 bestiarum
720 4276 858 4350 quando
889 4275 1127 4350 maechantur,
1150 4280 1183 4336 et
1212 4274 1325 4353 primo
1357 4283 1400 4344 de

77 4386 235 4452 vaccinis.

152 4558 233 4618 Item
254 4558 333 4634 qued
353 4558 490 4618 homines
511 4558 584 4619 dicti
604 4561 695 4620 castri
715 4565 875 4620 teneantur
886 4560 962 4620 dare
975 4579 1029 4638 pro
1044 4557 1130 4634 bove,
1144 4563 1171 4621 ei
1185 4565 1401 4641 maechabitur,
1431 4589 1465 4644 30

80 4672 171 4750 ipsum
190 4681 296 4750 pectus
315 4673 410 4752 ipsius
430 4672 516 4736 bovis
536 4679 568 4734 et
588 4673 727 4736 denarius
757 4676 914 4736 duodecim
944 4674 1036 4748 curie,
1057 4675 1083 4733 si
1104 4672 1158 4735 bos
1182 4683 1262 4739 esset
1282 4680 1402 4741 deuna

83 4807 160 4863 anuo,
183 4788 270 4848 aliter
283 4807 361 4851 *vero
381 4809 452 4850 non.
