3464 5508
919 437 957 448 ..
981 403 1018 462 14
1039 439 1076 448 -

333 510 413 573 unde
433 515 542 592 agitur,
563 535 624 576 non
645 516 818 578 excedendo
839 516 967 579 formam
997 521 1136 599 superius
1166 521 1350 583 declaratam
1381 526 1412 582 in
1445 525 1516 584 aliis
1551 518 1661 582 casibus
1714 562 1715 600 3

333 629 508 708 designatis.
528 631 569 690 Et
588 633 769 695 castellanus
788 639 926 696 teneatur
945 635 985 696 ad
1005 638 1179 716 petitionem
1200 638 1359 699 cuiuslibet
1380 641 1456 700 dicti
1488 640 1586 700 castri
1604 657 1661 716 pre·

333 747 404 810 bere
425 749 579 810 decretum
600 752 857 813 etauctoritatem
877 753 1031 814 intutelie
1052 758 1083 814 et
1106 753 1359 833 publicationibus
1392 757 1662 817 instrumentorum

332 867 398 928 sine
417 869 525 946 pretio.

291 1065 302 1116 ς
412 1045 527 1106 XLVI.
549 1047 601 1107 Dc
622 1046 792 1108 servando
812 1043 898 1110 iuris
919 1045 1078 1110 ordinem
1098 1046 1135 1110 in
1154 1048 1380 1124 procedendo.

414 1216 491 1276 item
512 1216 593 1292 quod
613 1218 794 1278 castellanus
814 1225 845 1278 et
864 1216 990 1294 quilibet
1010 1215 1143 1280 offitialis
1164 1218 1242 1280 dicte
1263 1220 1345 1280 curie
1366 1223 1532 1280 teneantur
1566 1224 1599 1280 et
1619 1219 1664 1278 de·
1714 1213 1715 1250 ³

334 1331 433 1408 beant,
454 1335 567 1394 tamin
588 1335 777 1412 procedendo
798 1356 887 1412 quam
908 1337 939 1395 in
959 1335 1186 1410 sententiando,
1209 1337 1380 1414 specialiter
1399 1339 1430 1396 in
1451 1336 1667 1408 criminalibus
1714 1333 1715 1366 ³

333 1449 407 1508 iuris
427 1448 564 1508 ordinem
584 1469 714 1510 seruare.
735 1450 822 1524 Quod
844 1452 869 1510 si
891 1471 951 1510 non
982 1449 1129 1525 fecerint,
1162 1451 1227 1510 eius
1257 1470 1434 1529 processus,
1468 1454 1624 1513 sententia
1643 1461 1668 1510 et
1714 1449 1715 1482 ³

334 1564 542 1625 condemnatio
563 1567 623 1626 sint
644 1567 708 1644 ipso
728 1568 793 1627 iure
813 1567 897 1626 nulli.
919 1568 959 1626 Et
979 1567 1060 1644 quod
1082 1570 1151 1628 ante
1171 1587 1238 1627 rem
1259 1567 1420 1627 iudicatam
1442 1569 1519 1628 nulli
1543 1571 1668 1646 pignora
1714 1567 1715 1602 l

276 1703 307 1740 ιο
334 1684 505 1760 exigantur,
527 1701 583 1742 neo
604 1685 694 1744 etiam
715 1689 790 1763 post,
811 1685 837 1744 si
858 1682 950 1744 fuerit
970 1704 1026 1762 per
1047 1685 1279 1764 appellationem
1299 1705 1456 1764 suspensa.

414 1859 547 1920 XLVII.
568 1863 621 1922 De
642 1859 930 1938 appellationibus
953 1862 1048 1946 [non]
1069 1861 1305 1940 impediendis.

414 2031 494 2092 Item
514 2032 594 2109 quod
614 2032 835 2111 appellantibus
855 2037 887 2094 in
909 2034 989 2094 dicta
1015 2036 1099 2094 curia
1129 2040 1160 2094 et
1190 2036 1307 2096 noterio
1338 2035 1558 2114 appellantium
1589 2033 1666 2091 nulla
1713 2115 1715 2138 A

336 2150 533 2222 comminatio,
555 2149 671 2208 nullum
692 2139 856 2225 grauamen
877 2171 895 2209 a
915 2153 1078 2212 castellano
1110 2156 1141 2211 et
1171 2153 1238 2212 aliis
1271 2151 1446 2212 offitialibus
1478 2152 1560 2212 dicte
1589 2151 1666 2211 eurio

336 2264 490 2338 inferatur,
512 2285 568 2326 nec
587 2285 642 2344 per
663 2266 810 2326 directum
830 2287 886 2327 nec
907 2287 960 2346 per
985 2267 1147 2346 obliquum,
1169 2270 1259 2329 tacite
1279 2269 1328 2332 vel
1350 2288 1508 2346 expresse,
1530 2288 1588 2328 nec
1614 2267 1665 2324 alio
1714 2277 1715 2308 ³

278 2406 306 2458 ¹5
337 2383 436 2458 aliquo
457 2381 553 2455 modo,
575 2388 606 2441 et
626 2401 662 2444 ea
683 2383 882 2460 appellatione
912 2383 1073 2462 pendente,
1105 2385 1180 2444 nihil
1209 2385 1281 2446 novi
1308 2385 1363 2444 fiat
1393 2389 1498 2444 contra
1528 2402 1599 2442 eum
1619 2381 1664 2458 qui
1714 2405 1715 2426 1

266 2581 269 2586 Ι
337 2518 404 2558 eam
424 2501 602 2577 interposuit
616 2500 665 2561 vel
678 2501 869 2578 interponere
883 2502 1009 2576 curavit,
1031 2503 1089 2562 nisi
1110 2502 1270 2580 appellatio
1285 2507 1365 2562 esset
1378 2502 1536 2563 evidenter
1549 2503 1664 2568 iniusta,
1713 2505 1715 2541 i

338 2618 369 2676 in
390 2637 448 2693 quo
469 2637 540 2677 casu
562 2619 733 2696 appellante
753 2621 884 2695 petente,
907 2617 1057 2678 habeatur
1077 2619 1236 2679 consilium
1256 2620 1408 2696 sapientis,
1423 2619 1594 2697 sumptibus
1607 2620 1664 2678 eius

337 2741 367 2792 et
387 2733 494 2792 salario
516 2732 678 2806 moderato,
702 2732 782 2807 quod
803 2733 965 2792 consilium
987 2737 1098 2809 quanto
1119 2734 1316 2811 propinquius
1336 2737 1437 2812 posset
1457 2731 1613 2794 habeatur.
1709 2767 1710 2770 =

417 2911 566 2972 XLVIII.
588 2911 641 2971 De
661 2909 893 2971 reconciliatis
914 2926 983 2972 non
1003 2908 1192 2987 puniendis.

278 3112 312 3151 20
418 3082 497 3140 Item
520 3082 699 3158 quicumque
721 3081 759 3141 de
781 3081 859 3142 dicto
881 3086 978 3140 castro
998 3080 1140 3142 habuerit
1158 3083 1239 3140 inter
1258 3100 1291 3142 se
1321 3081 1415 3143 verba
1446 3083 1588 3142 iniuriosa
1617 3101 1663 3140 seu
1709 3082 1715 3142 ἰ

341 3199 431 3258 etiam
452 3197 550 3272 facta,
583 3199 632 3259 vel
662 3199 918 3275 qualitercumque
948 3197 1128 3274 deliquerit,
1157 3197 1318 3258 dummodo
1349 3198 1431 3275 quod
1461 3219 1541 3277 pena
1571 3197 1664 3258 delicti

340 3317 488 3375 commissi
507 3335 562 3393 per
583 3335 799 3393 quemcumque
820 3318 953 3394 ipsorum
973 3335 1034 3376 non
1049 3316 1178 3377 excedat
1192 3317 1390 3392 quantitatem
1405 3317 1510 3377 decem
1526 3315 1663 3376 librarum

342 3431 539 3503 denariorum,
560 3431 725 3491 secundum
745 3431 872 3492 formam
892 3434 1076 3509 presentium
1097 3436 1285 3506 statrtorum,
1307 3431 1399 3492 (iuria
1418 3433 1517 3510 ipsum
1542 3432 1590 3492 vel
1617 3429 1665 3487 ali-

343 3565 431 3624 quem
450 3548 583 3625 ipsorum
603 3569 663 3607 non
682 3549 796 3626 puniat,
818 3550 844 3607 si
865 3553 1025 3626 antequam
1052 3549 1233 3627 respondeat
1264 3548 1443 3625 delinquens
1477 3545 1663 3626 inquisitioni,

282 3691 313 3744 25
343 3664 564 3725 denunciationi
586 3666 635 3727 vel
655 3685 771 3740 accuse,
794 3664 874 3726 facta
894 3665 986 3726 fuerit
1006 3666 1207 3726 reconciliatio
1227 3665 1307 3725 inter
1327 3685 1388 3726 eos.

423 3845 540 3906 XLIX.
562 3847 663 3924 Quod
684 3847 892 3908 castellanus
913 3862 983 3906 non
1004 3849 1188 3907 tormentet
1208 3841 1361 3920 aliquem
1380 3841 1455 3905 sine
1477 3861 1590 3908 causa.

422 4020 501 4079 item
522 4019 602 4096 quod
622 4019 728 4096 aliquis
749 4018 788 4080 de
808 4019 887 4079 dicto
909 4026 1007 4079 castro
1028 4018 1067 4078 ed
1081 4021 1231 4078 tormenta
1246 4017 1317 4093 poni
1331 4036 1391 4076 non
1404 4017 1508 4094 possit,
1524 4016 1581 4076 nisi
1594 4016 1663 4075 esset

344 4136 432 4194 homo
452 4136 530 4195 male
550 4133 639 4208 fame,
660 4136 736 4195 levis
755 4136 826 4208 vite,
849 4135 886 4195 de
907 4154 965 4210 quo
986 4133 1107 4211 publice
1129 4137 1159 4193 et
1181 4133 1350 4209 vulgariter
1370 4131 1613 4203 malediceretur,
1636 4131 1661 4186 et

332 4216 403 4310 ‘nisi
422 4249 654 4330 precedentibus
678 4249 768 4325 fama,
800 4247 1074 4328 presumptionibus
1094 4253 1126 4308 et
1150 4249 1264 4308 inditiis
1295 4245 1462 4308 manifestis
1487 4251 1579 4325 atque
1606 4263 1660 4324 pro·

287 4391 320 4444 30
346 4369 432 4429 batis.
453 4369 494 4428 Et
514 4369 638 4428 istorum
659 4368 786 4427 alterum
806 4387 867 4426 non
889 4365 1020 4426 sufficiat
1041 4367 1105 4426 sine
1126 4367 1229 4439 altero,
1251 4365 1366 4424 scilieet
1385 4363 1492 4424 inditia
1512 4366 1577 4424 sine
1594 4362 1660 4422 fama

347 4489 377 4544 et
397 4481 679 4562 presumptionibus,
702 4487 733 4540 et
752 4481 833 4541 fama
853 4483 919 4540 siue
939 4480 1065 4540 inditiis.
1096 4479 1161 4540 Nec
1182 4480 1288 4556 aliquis
1313 4480 1381 4556 cogi
1401 4481 1497 4558 possit
1517 4480 1556 4540 ad
1585 4475 1659 4539 eonfi-

347 4603 472 4663 tendum
487 4600 606 4676 aliquod
622 4599 804 4671 malefidum,
820 4599 876 4658 uisi
891 4597 1026 4676 predicta
1039 4597 1212 4675 precedant.
1226 4597 1266 4656 In
1280 4595 1389 4673 quibus
1402 4597 1522 4658 casibus
1536 4596 1658 4658 videlicet

348 4723 508 4798 antequam
528 4717 636 4794 aliquis
657 4715 832 4778 subiiciatur
851 4715 1017 4789 tormentis,
1038 4717 1176 4775 servetur
1196 4712 1269 4773 ordo
1289 4713 1371 4773 iuris.
