3464 5508
606 445 643 455 ..
665 411 703 469 25
724 444 762 454 .-

32 530 57 588 rd
75 530 151 588 aleas
172 531 203 587 et
223 547 355 589 scaccos
377 530 457 589 omni
477 532 611 606 tempore
632 527 722 586 liceat
751 527 912 602 unicuique
942 526 1048 588 ludere
1078 527 1143 586 sine
1174 524 1283 585 banno.
1313 523 1353 583 Et

30 643 129 720 puando
150 644 268 702 dictum
290 652 444 703 sturmum
466 643 589 702 daretur
609 643 641 700 in
662 642 741 701 dieto
762 649 868 714 castro,
890 643 933 700 ita
953 641 1033 717 quod
1053 641 1189 700 homines
1210 642 1355 717 caperent

29 780 95 818 mna
113 765 237 837 propter
259 761 399 836 aliquam
420 760 629 836 suspicionem,
651 759 715 817 sine
736 777 814 835 pena
834 761 957 834 possent
979 756 1050 815 dicti
1071 756 1207 815 homines
1234 758 1355 832 portare

28 896 96 934 arma
116 875 212 934 donec
233 876 325 934 curia
348 874 440 934 faciat
460 873 638 933 confirmare
658 871 792 932 bannum
813 878 848 931 ut
866 876 1043 931 consuetum
1065 874 1121 930 est.

103 1051 206 1111 XCII.
229 1053 287 1112 De
310 1067 404 1126 pena
423 1047 665 1111 blasfemantis
686 1050 760 1109 Deo
781 1049 836 1108 vel
857 1045 996 1108 sanctis.
1387 1055 1399 1110 5

95 1220 172 1278 Item
194 1219 281 1295 quod
303 1220 333 1278 si
353 1219 420 1294 quis
441 1216 629 1278 maledixerit
648 1217 714 1276 Deo
726 1200 778 1278 vel
791 1217 903 1276 sanctis
917 1216 967 1276 vel
982 1215 1071 1274 alicui
1094 1218 1274 1288 sanctorum,
1290 1216 1357 1275 vice

28 1332 149 1407 qualibet
168 1335 323 1411 puniatur
344 1335 376 1391 in
396 1332 461 1391 XX
482 1332 594 1405 solidis,
617 1337 648 1390 et
667 1330 807 1390 credatur
827 1330 950 1391 cuilibet
969 1329 1048 1390 bone
1068 1329 1148 1391 fame
1169 1349 1237 1389 cum
1262 1348 1359 1389 sacra-

29 1455 117 1509 mento
138 1453 301 1510 accusanti
323 1451 424 1528 palam
444 1467 513 1508 cum
533 1452 699 1522 caeleste,
721 1452 751 1508 et
772 1452 927 1508 accusator
951 1445 1061 1506 habeat
1091 1447 1211 1506 tertiam
1242 1449 1360 1523 partem

30 1582 104 1639 pene.

114 1740 235 1801 xcHI.
259 1743 319 1801 De
340 1757 428 1817 pena
448 1738 600 1817 periurii.
1392 1736 1422 1776 ιο

102 1909 180 1970 Item
200 1912 226 1970 si
251 1913 324 1988 quis
344 1909 542 1988 denegaverit
562 1928 595 1969 se
616 1911 666 1970 vel
696 1911 904 1988 periuraverit,
936 1913 1079 1988 puniatur
1108 1913 1139 1971 in
1170 1911 1229 1970 XL
1260 1910 1364 1970 solidis

37 2024 94 2082 vice
113 2025 260 2101 qualibet,
285 2030 413 2104 excepto
433 2027 601 2085 iuramento
621 2026 769 2085 calumnie
799 2027 831 2084 in
861 2024 1000 2086 civilibus
1020 2031 1051 2086 et
1081 2024 1295 2100 criminalibus,
1327 2025 1365 2085 de

36 2135 134 2209 quibus
154 2140 186 2198 in
208 2141 316 2217 aliquo
336 2160 397 2199 nou
417 2143 567 2218 puniatur.

108 2315 224 2378 xc1v.
246 2320 304 2378 De
323 2334 413 2394 pena
432 2314 614 2379 incidentis
636 2321 796 2380 arborem
817 2318 1042 2381 fructiferam.

111 2484 189 2545 Item
210 2489 238 2547 si
260 2490 329 2564 quis
349 2487 580 2550 subnervaverit
600 2489 649 2549 vel
670 2490 803 2549 inciscrit
825 2489 928 2563 olivas,
950 2487 1043 2563 ficus,
1065 2491 1154 2567 piros,
1176 2490 1288 2562 malos,
1315 2494 1367 2548 aut
1395 2490 1424 2543 15

44 2614 237 2677 quascumque
259 2600 383 2662 arbores
404 2603 582 2662 domesticas
601 2622 655 2662 seu
676 2602 847 2663 fructiferas
873 2606 1037 2663 existentes
1067 2605 1098 2661 in
1129 2602 1366 2679 quibuscumque

45 2709 107 2769 locis
125 2717 187 2773 tam
209 2716 367 2776 districtus
388 2721 419 2776 et
439 2715 599 2790 laboratus,
620 2737 711 2792 quam
731 2737 800 2792 non,
823 2723 876 2776 aut
906 2719 1004 2777 aliena
1033 2719 1166 2796 pastina·
1181 2718 1232 2778 vel
1263 2719 1367 2778 vineas

46 2831 187 2888 cavaverit
207 2834 261 2892 vel
281 2833 415 2892 inciserit
435 2829 641 2892 fraudolenter
661 2832 699 2891 de
721 2832 778 2907 die,
800 2835 942 2911 puniatur
961 2854 1016 2912 pro
1037 2833 1170 2910 qualibet
1201 2832 1307 2893 arbore
1338 2839 1369 2895 et

47 2941 169 3012 qualibet
189 2948 258 3007 vice
278 2949 311 3006 in
331 2947 533 3024 quadraginta
552 2948 656 3008 solidis
676 2953 707 3009 at
728 2950 871 3010 damnum
892 2950 1041 3027 emendet;
1062 2949 1100 3009 de
1120 2953 1208 3010 nocte
1227 2951 1370 3028 puniatur

49 3055 225 3139 induplum.
1398 3074 1433 3114 2⁰

126 3238 222 3302 XCV.
246 3242 299 3302 De
320 3258 409 3318 pena
429 3241 611 3305 incidentis
633 3243 719 3305 alias
741 3247 891 3306 arbores.

122 3404 200 3468 Item
221 3411 249 3470 si
270 3411 337 3487 quis
357 3415 523 3487 castaneas,
544 3432 645 3487 nuces,
667 3433 796 3489 quercus
817 3420 868 3474 aut
889 3417 1104 3493 querqueolas,
1130 3420 1160 3476 et
1190 3418 1373 3496 generaliter

56 3533 146 3580 omnes
166 3524 291 3586 arbores
311 3525 483 3588 fructiferas
503 3530 535 3587 in
556 3527 792 3607 quibuscumque
813 3531 886 3590 locis
905 3533 1122 3592 territoriorum
1142 3535 1232 3593 castri
1253 3532 1373 3592 Olibani

57 3647 101 3689 seu
119 3639 356 3712 possessionibus
369 3647 429 3702 tam
443 3645 571 3721 propriis
585 3649 616 3704 et
629 3644 809 3720 feudalibus,
826 3667 916 3723 quam
936 3666 997 3707 nou
1017 3649 1144 3725 propriis
1159 3666 1214 3707 nec
1227 3647 1370 3721 franchis,

57 3747 181 3827 nudatas,
203 3761 318 3816 actatas
337 3759 387 3819 vel
401 3758 569 3834 sfractatas,
591 3766 643 3820 aut
663 3762 864 3839 sperngliatas
885 3765 1049 3824 existentes
1070 3766 1211 3839 inciserit,
1233 3784 1287 3824 seu
1307 3784 1373 3842 per·
1402 3765 1432 3817 ²5

60 3869 180 3943 cesserit,
202 3870 362 3933 bactiverit
386 3879 438 3934 aut
468 3877 681 3936 ciucculaverit
710 3879 760 3938 vel
791 3880 1066 3956 quomodocumque
1096 3881 1127 3938 in
1158 3882 1201 3940 eis
1232 3879 1375 3939 damnum

63 3976 182 4060 dederit,
203 3988 254 4048 vel
284 3987 532 4065 subnervaverit,
564 3993 614 4052 vel
634 4013 733 4052 ramos
754 3995 887 4053 inciserit
907 3994 1087 4073 ubicumque
1108 3999 1291 4069 existentes,
1322 4015 1377 4074 pu-

63 4093 149 4157 niatur
167 4123 222 4180 pro
244 4103 377 4180 qualibet
398 4102 504 4167 arbore
524 4107 557 4165 in
576 4107 679 4167 solidis
700 4107 729 4168 V
749 4116 779 4169 et
800 4109 942 4170 damnum
964 4113 1111 4189 emendet,
1134 4114 1223 4176 etde
1254 4114 1302 4174 die
1323 4133 1377 4191 pu-

65 4208 151 4273 niatur
168 4219 199 4277 in
220 4217 354 4296 duplum.
1091 4209 1094 4214 ,

133 4389 247 4454 XCVI.
268 4395 321 4454 De
341 4411 430 4471 pena
451 4398 620 4459 damnum
642 4399 799 4461 dantium
820 4400 856 4462 in
877 4401 995 4462 baccis
1016 4404 1192 4464 arborum.
1406 4406 1441 4467 3⁰

134 4557 210 4620 Item
229 4561 256 4621 si
276 4564 343 4639 quis
364 4564 506 4626 damnum
527 4565 645 4626 dederit
658 4569 689 4628 in
704 4568 793 4630 dictis
807 4569 963 4630 arboribus
977 4569 1176 4632 existentibus
1189 4569 1378 4649 ubicumque,

71 4665 122 4727 lem
138 4673 165 4732 in
185 4674 259 4734 locis
279 4678 370 4752 curie,
392 4684 423 4738 et
441 4700 501 4739 non
522 4682 651 4758 propriis
675 4685 848 4760 specialium
879 4703 1092 4763 personarum,
1125 4705 1215 4762 quam
1244 4687 1277 4745 in
1307 4687 1380 4746 locis

129 4785 164 4844 La
182 4789 310 4846 Mauris.
1291 4815 1310 4869 4
