3464 5508
633 435 670 446 -
692 401 732 460 23
753 409 801 446 -’

124 579 292 640 LXXXV.
313 579 366 640 De
386 594 475 655 pena
495 575 705 653 perhibentis
727 577 854 640 falsum
874 577 1119 642 testimonium.

122 749 208 808 Item
229 750 279 825 qni
298 749 409 810 falsum
428 750 632 812 testimonium
651 751 838 830 perhibuerit
858 752 922 813 sive
943 752 974 811 in
995 751 1076 812 civili
1096 751 1160 811 sive
1181 751 1212 811 in
1227 751 1375 810 criminali

28 884 145 940 eausa,
169 874 201 926 et
222 866 378 945 probatum
399 866 492 928 fuerit
512 874 616 929 contra
636 889 705 930 eum
726 870 868 948 legitime,
889 869 1032 946 puniatur
1056 869 1088 928 in
1115 873 1236 928 centum
1267 867 1379 940 solidis,

28 985 65 1039 et
92 983 120 1040 si
143 983 263 1044 solvere
283 984 455 1061 neglexerit
474 983 553 1044 infra
573 989 794 1064 competentem
813 987 975 1045 terminum
995 983 1052 1044 sibi
1081 985 1194 1056 datum,
1215 983 1382 1044 seeundum

28 1097 107 1156 iura
128 1099 285 1174 puniatur.
305 1100 346 1159 Et
366 1101 417 1159 illo
437 1102 488 1177 qui
509 1120 578 1162 eum
598 1101 752 1163 induxerit
772 1102 914 1180 puniatur
934 1108 968 1160 ut
988 1103 1053 1179 ipse
1074 1101 1179 1174 testie,
1201 1107 1232 1160 et
1252 1104 1380 1178 cogatur
1415 1115 1426 1168 5

28 1211 171 1273 reficere
192 1234 344 1293 expensas
364 1216 408 1274 illi
427 1221 532 1276 contra
552 1237 642 1294 quem
662 1216 856 1296 perhibuerit,
877 1225 909 1276 et
928 1237 986 1294 que
1011 1215 1118 1276 fecerit
1142 1217 1192 1278 vel
1222 1215 1381 1276 incurrerit

30 1329 206 1389 occasione
226 1330 286 1389 illa.

125 1509 315 1570 LXXXVI.
336 1511 391 1568 De
410 1524 499 1584 pena
521 1508 722 1572 facientium
740 1508 916 1571 veneficia.

125 1680 212 1740 Item
232 1680 284 1756 qni
303 1678 478 1742 venalitium
499 1678 606 1740 fecerit
625 1699 679 1739 seu
700 1680 827 1754 dederit,
848 1699 938 1740 causa
959 1680 1114 1740 occidendi
1135 1680 1263 1756 aliquem
1288 1683 1317 1738 el
1339 1699 1386 1740 oc-

42 1797 166 1872 ciderit,
190 1798 335 1874 puniatur
354 1801 389 1856 ut
409 1798 440 1856 in
460 1798 590 1876 capitulo
613 1798 652 1858 de
672 1798 831 1858 homicidio
852 1799 1030 1857 continetur.
1048 1796 1081 1856 Si
1096 1816 1166 1856 vero
1181 1797 1268 1856 aliter
1281 1794 1388 1856 fecerit
1418 1815 1451 1855 10

45 1912 96 1972 vel
117 1911 250 1984 dederit,
271 1913 415 1990 puniatur
433 1913 466 1970 in
485 1912 544 1972 XL
565 1912 677 1985 solidis,
698 1919 729 1972 et
748 1913 832 1971 ouria
852 1916 947 1990 possit
966 1911 1134 1972 omnimodo
1155 1911 1328 1990 procedere.

130 2087 336 2148 LXXXVII.
358 2087 411 2148 De
431 2086 528 2164 penis
549 2087 641 2150 furti.

130 2257 215 2317 Item
234 2257 260 2316 si
281 2257 349 2333 quis
369 2254 487 2316 furatus
517 2255 609 2318 faerit
629 2277 692 2318 rem
724 2259 852 2318 alienam
872 2260 983 2320 valoris
1014 2260 1140 2321 duorum
1171 2262 1334 2323 solidorum
1357 2267 1388 2323 et

52 2373 133 2433 infra
155 2374 195 2432 de
216 2373 274 2447 die,
296 2374 438 2450 puniatur
459 2373 490 2432 in
510 2372 543 2432 X
563 2373 687 2447 solidos,
709 2381 836 2453 excepto
858 2375 897 2435 de
916 2376 1031 2452 laqueis
1052 2381 1082 2436 et
1112 2377 1244 2451 sedulis,
1278 2378 1309 2435 in
1331 2397 1389 2454 quo

54 2511 127 2552 casu
147 2491 292 2570 puniatur
312 2489 490 2567 delinquens
510 2491 543 2550 in
556 2492 688 2569 quinque
707 2491 810 2552 solidis
823 2496 950 2552 tantum.
966 2493 998 2552 Si
1011 2513 1082 2554 vero
1097 2493 1213 2554 furtum
1227 2493 1391 2554 excesserit
1420 2507 1450 2560 15

56 2609 256 2686 quantitatem
277 2604 404 2667 duorum
423 2604 595 2681 solidorum,
617 2627 713 2683 usque
733 2607 772 2666 ad
794 2607 826 2666 X
840 2609 983 2686 puniatur
996 2609 1027 2667 in
1040 2608 1105 2668 XX
1120 2607 1231 2681 solidis,
1247 2610 1272 2668 si
1287 2613 1388 2669 autem

57 2725 89 2784 X
109 2723 222 2784 solidos
242 2723 407 2782 excesserit
426 2740 523 2799 usque
544 2721 583 2780 ad
603 2721 668 2780 XX
689 2721 814 2795 solidos,
836 2724 979 2800 puniatur
998 2724 1029 2782 in
1050 2723 1109 2782 XL
1130 2723 1244 2783 solidis.
1266 2722 1298 2782 Si
1319 2745 1390 2785 vero

60 2843 258 2920 quantitatem
277 2839 344 2899 XX
363 2839 526 2899 solidorum
545 2839 718 2912 excesserit,
740 2857 836 2914 usque
857 2837 896 2897 ad
916 2845 1055 2912 centum,
1087 2859 1142 2918 pro
1172 2840 1268 2918 primo
1299 2839 1389 2914 furto,

60 2958 202 3034 puniatur
222 2957 252 3014 in
272 2954 339 3013 XX
358 2952 443 3013 libris
463 2953 663 3026 denariorum,
685 2973 739 3031 pro
760 2953 893 3013 seeundo
914 2973 986 3014 vero
1017 2955 1049 3012 in
1080 2954 1196 3026 XXX,
1219 2974 1272 3032 pro
1304 2956 1391 3015 tertio

63 3073 203 3151 puniatur
222 3069 389 3130 secundum
408 3070 474 3128 iura
494 3069 640 3128 comunia.
668 3069 708 3127 Et
740 3070 766 3128 si
797 3068 878 3128 dicta
908 3068 990 3128 furta
1020 3088 1074 3129 seu
1105 3069 1226 3147 aliquod
1258 3071 1390 3148 ipsorum
1421 3095 1456 3135 20

65 3188 264 3246 committatur
284 3185 315 3242 in
335 3183 423 3244 domo
443 3183 568 3242 alieuius
589 3183 638 3243 vel
659 3184 849 3260 pertinentiis
864 3183 978 3257 domus,
994 3184 1043 3244 vel
1057 3184 1095 3244 de
1110 3190 1205 3258 nocte,
1222 3185 1393 3263 duplicetur

65 3321 151 3380 pena.
172 3301 202 3359 Si
222 3300 330 3376 aliquis
351 3302 451 3358 autem
471 3300 502 3356 in
523 3299 573 3360 via
593 3296 713 3376 publiea
744 3300 794 3357 vel
818 3302 912 3358 strata
938 3299 1136 3360 disrobaverit
1159 3301 1307 3377 aliquem,
1339 3322 1393 3362 seu

67 3420 191 3493 aliquam
210 3416 332 3475 domum
352 3416 531 3475 scassaverit
545 3415 642 3474 animo
656 3411 787 3489 furandi,
802 3415 944 3493 puniatur
957 3416 1123 3494 capitaliter
1137 3417 1303 3478 secundum
1317 3419 1393 3478 iura.

69 3535 110 3592 Et
127 3534 152 3592 si
172 3533 424 3608 qualitercumque
445 3531 552 3607 aliquis
567 3529 685 3590 furetur
705 3550 769 3590 rem
790 3529 988 3591 excedentem
1018 3532 1150 3593 valorem
1177 3537 1297 3595 centum
1328 3535 1395 3594 soli-

73 3648 182 3720 dorum,
201 3665 255 3724 pro
276 3647 372 3724 primo
392 3644 473 3705 furto
493 3648 636 3723 puniatur
657 3645 835 3722 delinquens
855 3646 888 3704 in
908 3646 934 3705 L
955 3646 1039 3707 libris
1060 3647 1260 3722 denariorum,
1281 3670 1336 3727 pro
1350 3669 1396 3710 se·
1425 3675 1457 3728 25

76 3763 168 3824 cundo
186 3781 256 3822 vero
277 3762 308 3818 in
329 3765 458 3833 centum,
480 3764 511 3819 et
530 3781 585 3838 pro
605 3761 693 3820 te1tio
712 3761 856 3839 puniatur
876 3761 1042 3820 secundum
1062 3764 1128 3822 iura
1149 3766 1298 3824 comunis.
1311 3765 1351 3823 Et
1364 3766 1397 3823 in

76 3877 204 3940 omnibus
224 3877 366 3956 predictis
387 3875 506 3936 casibus
526 3879 552 3936 si
573 3876 751 3952 delinquens
771 3896 879 3954 penam
902 3877 1019 3938 solvere
1040 3880 1209 3955 neglexerit
1228 3879 1306 3939 infra
1319 3900 1398 3940 eom-

77 4000 217 4073 petentem
237 3993 398 4054 terminum
419 3991 476 4050 sibi
498 3991 610 4066 datum,
632 3993 775 4070 puniatur
795 3991 961 4052 secundum
980 3995 1055 4052 iura.
1076 3995 1116 4052 Et
1137 3996 1219 4054 curia
1248 3998 1343 4073 possit
1363 3997 1395 4054 in

79 4110 207 4188 predictis
227 4110 307 4169 omni
328 4107 414 4168 modo
435 4107 600 4186 procedere
619 4109 693 4167 iuris
714 4107 818 4166 ordine
838 4115 957 4167 servato
978 4112 1087 4168 tamen.
1109 4109 1149 4168 Et
1169 4111 1195 4168 si
1215 4114 1340 4172 vocatus
1355 4109 1394 4168 ad

82 4227 134 4285 hoc
151 4223 303 4301 aufugerit,
326 4222 480 4284 diffidatur
500 4228 531 4283 et
551 4224 615 4282 eius
635 4221 714 4282 bona
735 4223 818 4282 ouria
836 4221 1047 4299 publicentur,
1073 4227 1104 4282 ot
1134 4223 1277 4282 damnum
1307 4243 1396 4302 passo
1430 4250 1464 4302 30

84 4340 220 4418 usquead
241 4338 373 4399 debitam
393 4340 591 4415 quantitatem
611 4357 689 4415 pene
710 4343 740 4396 et
761 4338 871 4410 damni,
893 4345 924 4396 et
944 4337 1094 4397 reaffidari
1109 4359 1168 4397 non
1182 4341 1285 4416 possit,
1301 4340 1397 4398 donee

87 4455 247 4516 satisfecerit
267 4454 357 4514 Ourie
377 4459 408 4514 et
428 4454 571 4513 damnum
591 4473 688 4531 passo.
711 4453 744 4512 si
767 4455 846 4512 enim
867 4453 975 4528 aliquis
999 4472 1062 4512 rem
1084 4454 1214 4529 aliquam
1244 4453 1403 4513 abstulerit

91 4573 123 4631 de
140 4572 227 4647 aliqua
253 4569 358 4644 domo,
386 4569 546 4628 dummodo
578 4568 658 4646 quod
688 4570 784 4647 ipsam
815 4589 875 4628 non
900 4569 1081 4629 scassaverit
1111 4589 1166 4629 nec
1198 4568 1403 4630 fraudolenter

93 4687 198 4766 aperuit,
218 4703 273 4747 seu
295 4685 333 4745 de
353 4685 411 4744 alio
433 4685 498 4744 loeo
518 4683 657 4758 fideliter,
679 4704 739 4744 non
760 4685 859 4744 animo
879 4681 1009 4757 furandi,
1030 4702 1091 4743 non
1112 4684 1298 4762 intelligatur
1322 4681 1403 4745 furto
