3464 5508
662 469 701 480 ..
723 437 758 494 11
782 467 822 480 ..

22 549 202 610 terminos
228 572 299 612 non
319 551 512 630 prorogando
531 569 586 611 sen
607 550 771 612 breviando
791 570 973 630 processum,
996 550 1156 610 dummodo
1177 549 1257 626 quod
1270 551 1301 610 in
1316 569 1409 626 quan-

17 667 91 722 tum
117 669 256 744 potest
284 669 328 727 rei
351 670 466 729 veritas
496 671 710 747 perscrutatum.
740 668 827 727 Etsi
853 675 945 728 testes
975 667 1167 746 recipiantur,
1200 666 1280 745 ipsos
1306 667 1406 726 iurare

14 779 139 856 faciat,
168 783 329 862 partibus
342 783 536 863 presentibus
549 784 599 846 vel
613 785 721 844 citatis.
734 784 775 844 Et
789 783 940 863 publicato
954 803 1105 864 processu,
1122 783 1186 844 dari
1203 781 1293 844 iaciat
1307 785 1408 862 copiae

10 899 243 976 petentibus
264 903 373 962 salario
393 903 482 974 iusto,
504 905 540 961 ut
557 900 639 961 infra
658 899 819 961 notabitur.
834 900 952 960 Deinde
972 902 1091 980 proviso
1105 919 1257 980 processu,
1275 898 1409 960 declaret

8 1017 269 1081 intentionem
288 1041 375 1082 suam
395 1040 488 1100 super
506 1022 572 1099 ipso
592 1040 693 1082 coram
712 1019 861 1100 partibus.
886 1020 1093 1097 testarique
1119 1020 1251 1098 ipsarum
1276 1017 1409 1078 voluerit
1439 1035 1449 1088 5

9 1154 129 1212 super
156 1138 247 1216 ipso
267 1139 426 1199 consilium
446 1138 599 1216 sapientie,
631 1144 760 1216 ponatur
780 1139 843 1199 suis
873 1136 1043 1217 sumptibus
1063 1141 1094 1198 et
1114 1135 1223 1198 salario
1245 1133 1407 1210 moderato,

8 1257 47 1311 et
73 1255 278 1314 consilium
298 1253 449 1315 habeatur
467 1259 612 1331 quantum
632 1257 829 1334 propinquius
849 1257 958 1334 poterit
978 1253 1114 1333 partibus
1141 1271 1201 1314 non
1225 1255 1407 1330 suspectum,

9 1373 49 1428 et
75 1373 278 1432 consilium
298 1370 438 1450 partibus
458 1371 636 1450 publicetur,
658 1378 690 1433 et
709 1375 795 1432 iuxta
815 1378 950 1433 tenorem
975 1374 1040 1433 eius
1069 1371 1228 1431 iudicetur.
1252 1369 1285 1430 Si
1307 1375 1408 1428 autem

11 1487 226 1547 consilium
247 1508 307 1548 non
327 1493 458 1566 petatur,
479 1490 657 1566 pronunciet
677 1493 767 1566 prout
787 1489 825 1549 de
845 1491 910 1551 iure
923 1487 983 1550 sibi
997 1488 1125 1549 videtur.
1144 1487 1177 1547 si
1195 1505 1268 1547 vero
1285 1488 1409 1546 vocatus

15 1619 244 1679 comparere
264 1605 437 1681 neglexerit
466 1605 541 1664 hora
571 1605 674 1666 debita
694 1608 744 1667 vel
775 1610 844 1666 anta
874 1607 986 1680 tertias,
1008 1627 1062 1684 pro
1089 1606 1185 1684 prima
1216 1603 1407 1664 contumacia
1439 1615 1470 1656 10

19 1719 150 1778 solvat
178 1720 330 1781 decanos
350 1721 405 1794 VI,
427 1743 481 1799 pro
502 1723 635 1783 secunda
656 1722 826 1801 duplicetur
846 1721 903 1783 sibi
924 1743 1011 1802 pena,
1034 1743 1088 1802 pro
1110 1723 1200 1782 tertia
1221 1740 1292 1782 vero
1315 1719 1407 1797 tripli·

19 1840 142 1910 cetur,
173 1843 215 1898 et
235 1837 383 1898 habeatur
402 1859 458 1917 pro
475 1847 658 1912 contumace,
674 1845 705 1899 et
718 1845 872 1917 tamquam
886 1845 990 1900 contra
1004 1845 1211 1900 contumacem
1226 1836 1408 1918 procedatur

21 1959 65 2012 ut
91 1955 195 2014 iuris
219 1957 285 2030 erit;
307 1955 366 2015 nisi
379 1956 449 2015 talis
462 1961 586 2017 vocatus
600 1958 709 2016 iustam
724 1955 849 2018 haberet
862 1977 1012 2031 excusem,
1029 1957 1060 2015 in
1072 1976 1130 2033 quo
1145 1975 1217 2016 casu
1232 1957 1408 2035 expectetur

26 2070 153 2132 donec
181 2072 283 2150 possit
302 2070 428 2132 comode
448 2091 633 2149 comparere.
652 2072 693 2130 Et
712 2073 781 2132 talis
802 2072 910 2133 modus
929 2077 1067 2133 servetur
1089 2075 1118 2132 et
1133 2090 1256 2132 servare
1270 2073 1408 2130 teneatur

29 2185 261 2248 Castellanus
292 2205 347 2247 seu
377 2188 507 2249 vicanus
533 2189 566 2247 in
597 2186 735 2248 omuibus
756 2195 786 2248 et
806 2189 935 2266 singulis
955 2185 1163 2265 questionibus
1183 2194 1213 2247 et
1228 2187 1333 2260 causis,
1349 2203 1407 2262 que
1439 2199 1466 2252 15

30 2324 221 2365 summam
239 2305 272 2364 X
291 2303 436 2364 librarum
458 2304 648 2366 denariorum
668 2305 859 2380 excederent,
881 2309 1074 2368 extimatione
1104 2305 1231 2367 comuni.
1254 2303 1287 2364 si
1307 2306 1407 2362 autem

35 2419 178 2479 dictam
203 2421 400 2496 quantitatem
420 2420 453 2479 X
473 2419 618 2481 librarum
638 2441 699 2482 non
719 2423 909 2499 excederent,
933 2423 1088 2484 arbitrium
1102 2423 1213 2484 habeat
1226 2422 1407 2484 castellanus

36 2554 101 2594 seu
128 2538 273 2598 vicarius
294 2535 423 2614 cogendi
442 2543 544 2613 partes
565 2537 604 2596 ed
624 2541 927 2616 compromitteudum
949 2560 1018 2600 cum
1042 2541 1209 2620 expedierit
1237 2543 1407 2617 questiones

42 2651 79 2707 in
113 2650 269 2711 manibus
290 2651 417 2711 duorum
437 2652 600 2727 hominum,
633 2673 710 2713 unus
742 2674 868 2730 quorum
900 2656 1031 2733 eligutur
1052 2677 1070 2715 a
1091 2655 1225 2733 qualibet
1254 2663 1347 2735 parte,
1376 2663 1407 2716 et

44 2771 161 2845 possit
176 2768 276 2828 dictus
289 2768 479 2830 Castellanus
489 2787 543 2830 een
559 2771 687 2830 vicarius
698 2790 808 2848 ponere
820 2774 950 2846 tertium,
962 2775 988 2833 si
999 2773 1105 2833 arbitri
1117 2773 1231 2834 fuerint
1242 2773 1405 2846 discordes,
1435 2779 1469 2820 ²0

48 2889 87 2942 ut
101 2885 186 2946 finis
200 2886 303 2945 litibus
317 2887 496 2964 imponatur.
518 2887 559 2945 Et
581 2889 772 2965 equalitatem
803 2894 904 2950 servet
934 2890 1079 2968 partibus,
1101 2895 1132 2952 ot
1152 2891 1226 2951 nihil
1246 2889 1284 2950 ab
1305 2891 1348 2950 eis
1367 2889 1406 2950 ob

52 3000 167 3065 dictas
190 3023 296 3064 caumas
317 3003 526 3064 terminandas
546 3007 577 3062 et
597 3006 821 3082 cognoscendas
841 3007 975 3085 recipiat,
997 3012 1031 3067 ut
1052 3016 1226 3068 consuetum
1248 3013 1302 3068 est.

147 3181 322 3243 XXXVII.
343 3183 397 3242 De
417 3179 605 3257 sententiis,
630 3183 891 3248 executionibus
912 3192 944 3250 et
965 3185 1126 3250 arbitriis.

148 3354 232 3413 Item
252 3351 333 3429 quod
353 3351 433 3414 fecta
452 3355 695 3431 pronuntiatione
716 3361 747 3417 et
767 3358 876 3436 clapsis
897 3359 929 3418 X
951 3358 1057 3419 diebus
1071 3361 1102 3418 iu
1118 3360 1325 3435 questionibus
1338 3382 1405 3440 pre-

60 3467 160 3529 dictis
182 3467 399 3530 excedentibus
421 3489 569 3530 summam
594 3470 698 3532 decem
728 3471 872 3533 librarum
903 3473 1100 3550 denariorum,
1134 3479 1302 3537 executioni
1323 3497 1405 3538 mau-
1433 3486 1463 3540 25

63 3583 162 3644 detur
182 3583 221 3646 ad
240 3586 415 3664 petitionem
435 3588 538 3664 partis,
560 3588 618 3648 nisi
639 3590 823 3668 appellatum
843 3590 935 3651 fuerit
961 3593 1095 3670 legitime
1116 3613 1134 3652 a
1154 3598 1248 3671 parte,
1272 3599 1303 3655 et
1323 3593 1403 3672 quod

62 3719 191 3780 semper
211 3703 310 3764 victus
330 3703 436 3765 victori
457 3704 674 3766 condemnetur
693 3707 725 3765 in
746 3709 895 3786 expensis,
917 3709 944 3772 si
964 3731 980 3770 e
1002 3714 1087 3790 parte
1107 3715 1236 3790 petatur.

151 3879 341 3941 XXXVIII.
362 3884 415 3942 De
442 3881 728 3959 exequutionibus
760 3885 983 3950 arbitriorum
1004 3893 1036 3949 et
1061 3888 1401 3952 arbitramentorurn.

152 4050 233 4111 Item
254 4051 334 4128 quod
355 4053 388 4112 in
408 4053 614 4130 questionibus
644 4058 809 4117 commissis
840 4058 960 4122 arbitris
990 4061 1170 4120 castellanus
1200 4081 1254 4121 seu
1275 4061 1403 4122 vicarius

69 4168 179 4228 saltem
189 4167 250 4226 lato
264 4165 386 4228 arbitrio
399 4187 453 4229 seu
468 4168 681 4231 arbitramento
694 4192 749 4250 per
762 4173 899 4250 arbitros,
917 4176 955 4235 ad
969 4177 1143 4254 petitionem
1157 4179 1252 4254 partis
1266 4180 1403 4237 teneatur
1431 4197 1464 4250 30

71 4286 267 4363 exequutioni
287 4285 430 4346 mandare
450 4288 534 4348 iuxta
565 4287 692 4350 formam
724 4291 839 4351 arbitrii
859 4313 913 4354 seu
936 4292 1149 4367 arbitramenti,
1182 4297 1271 4371 prout
1290 4294 1401 4352 iustum

72 4403 164 4465 fuerIt
184 4409 215 4464 et
235 4405 363 4482 qualitas
383 4403 496 4482 negotii
518 4405 662 4481 exegerit.

152 4581 309 4642 XXXIX.
330 4583 383 4642 De
404 4582 607 4645 auctoritate
629 4586 804 4649 deferendi
823 4584 1075 4666 iusiurandum.

151 4752 230 4813 Item
251 4752 331 4830 quod
351 4755 511 4831 unicuique
534 4757 585 4832 qui
607 4755 716 4816 dixerit
736 4776 769 4818 se
791 4758 903 4835 aliquid
936 4757 1046 4819 debere
1070 4757 1108 4818 ab
1132 4759 1239 4836 aliquo,
1262 4762 1292 4818 et
1312 4757 1398 4819 aliter
