3464 5508
635 480 673 490 -
693 447 733 505 39
756 480 794 490 ..

34 563 147 617 iturum
170 558 265 619 bene
292 560 453 635 ordinatos,
475 580 543 621 cum
564 561 652 622 dictis
672 561 847 622 custodibus
868 567 899 622 ct
919 561 1027 623 balivis
1052 580 1231 622 conservare
1263 563 1294 620 et
1324 577 1369 619 re·

32 695 141 735 ›rmare
166 675 375 752 dignaretur.
397 678 496 750 Quare
517 678 597 737 idem
619 679 756 738 dominus
774 678 923 738 Iordanus
944 679 1083 738 domiuus
1104 683 1138 737 ut
1158 697 1259 755 supra,
1272 681 1371 736 motus

31 791 153 850 recibus
177 792 347 854 dictorum
367 794 604 854 comestabiliam
624 799 654 854 et
674 796 917 870 consiliariorum,
940 800 970 854 et
990 813 1126 854 annuens
1153 795 1239 852 iustis
1269 811 1372 852 eorum

27 906 231 981 stitionibus,
257 931 316 987 pro
338 910 473 970 eiusdem
494 911 660 970 communis
680 916 711 969 et
731 911 885 971 hominum
905 911 994 983 illius,
1016 915 1046 969 et
1070 911 1117 969 sui
1138 907 1261 987 pacifico
1282 911 1371 979 statu,

25 1028 165 1102 egimiue
190 1033 228 1085 et
256 1033 349 1106 grata
369 1028 596 1106 gubernatione,
618 1049 679 1088 una
700 1049 768 1088 cum
788 1029 931 1107 predictis
951 1026 1196 1088 comestabilibus
1217 1031 1248 1085 et
1263 1043 1374 1084 massa·
1404 1042 1417 1097 5

24 1143 147 1216 iisque
171 1164 284 1220 supra
304 1146 423 1204 nomine
443 1143 623 1223 petentibus,
647 1144 684 1203 ad
705 1143 927 1222 infrascriptam
953 1143 1210 1214 deliberationem,
1233 1143 1377 1200 retorma·

22 1259 127 1318 ionem
151 1267 188 1318 et
217 1261 447 1320 ordinationem
478 1262 657 1320 unanimiter
687 1266 718 1320 et
744 1261 932 1320 concorditer
962 1261 1130 1321 voluntarie
1160 1259 1374 1336 pervenerunt,

22 1373 99 1432 idem
122 1376 274 1435 illustris
295 1376 433 1435 domiuus
454 1376 592 1435 dominus
612 1376 761 1436 Iordanus
783 1376 921 1435 dominus
941 1381 975 1435 ut
995 1395 1101 1453 supra,
1125 1377 1156 1434 et
1185 1371 1295 1450 prefati
1326 1391 1376 1430 co-

22 1487 205 1549 mestabiles
231 1496 268 1550 et
289 1492 424 1550 massarii
444 1491 510 1550 vice
531 1495 562 1548 et
581 1491 700 1550 nomine
722 1492 887 1550 communis
898 1490 1033 1567 predicti,
1048 1509 1095 1548 me
1106 1489 1221 1547 notario
1235 1489 1376 1565 presente

23 1611 51 1661 et
69 1607 258 1682 stipulante
281 1607 391 1665 dictam
412 1606 628 1666 ordinationem
650 1607 849 1666 demandato
870 1607 1034 1684 supradicti
1057 1605 1171 1665 domini
1193 1601 1381 1662 dominiIor·
1411 1617 1443 1656 10

27 1719 94 1777 dani
117 1741 156 1780 ac
180 1741 353 1794 consensu,
375 1722 552 1781 auctoritate
572 1725 603 1781 et
630 1723 784 1782 voluntate
816 1718 964 1781 dictorum
998 1719 1243 1792 comestabilium,
1270 1736 1381 1776 massa-

30 1836 140 1894 ricrum
164 1843 201 1897 et
226 1839 323 1898 totius
343 1838 508 1896 communis
530 1836 602 1894 dicti
622 1837 713 1896 castri
733 1835 861 1911 Olibani,
884 1836 1026 1898 videlicet

109 1951 217 2012 Ordo
245 1949 534 2013 deliberationum
557 1967 803 2013 concessarum
823 1968 845 2011 a
864 1951 1006 2026 prefatis
1029 1949 1188 2013 dominis.

110 2065 141 2124 Ι.
162 2066 209 2126 In
233 2068 340 2146 primis
361 2067 577 2128 ordinaverunt
597 2071 627 2126 et
648 2065 892 2128 deliberaverunt
913 2066 993 2144 quod
1013 2065 1139 2143 quilibet
1159 2066 1277 2125 balivus
1308 2063 1380 2122 dicti

37 2184 139 2256 castri,
163 2189 237 2242 tam
259 2185 310 2260 qui
330 2203 455 2260 presens
476 2188 531 2256 est,
553 2203 640 2259 quam
664 2185 715 2259 qui
736 2187 871 2260 tempore
894 2181 996 2243 futuro
1021 2187 1110 2242 erunt
1134 2181 1258 2241 indicto
1274 2183 1381 2251 castre,
1415 2191 1445 2244 ¹5

38 2300 204 2356 teneantur
228 2302 261 2356 et
281 2296 412 2357 debeant
432 2296 470 2356 de
490 2296 628 2356 omnibus
649 2301 680 2356 ct
699 2297 827 2374 singulis
843 2299 957 2356 accusis
972 2296 1149 2355 damnorum
1164 2295 1302 2355 datorum
1317 2295 1379 2352 tam

42 2407 77 2467 de
95 2417 192 2472 nocte
217 2433 309 2490 quam
331 2412 369 2472 de
390 2412 447 2486 die,
458 2417 520 2472 tam
534 2433 589 2490 per
602 2413 737 2472 homiues
751 2421 781 2471 et
794 2432 938 2490 personas
953 2429 1155 2489 quascumque
1170 2412 1383 2485 cuiuscumque

44 2529 148 2600 status,
173 2528 295 2606 gradus
316 2532 368 2586 aut
389 2528 501 2588 ordinis
523 2534 553 2587 et
574 2528 752 2589 conditionis
774 2530 913 2601 existant,
936 2533 967 2587 et
980 2533 1041 2586 tam
1056 2547 1110 2606 per
1125 2527 1264 2586 animalia
1279 2543 1385 2601 grossa

49 2659 136 2712 quam
156 2645 289 2715 minuta,
312 2642 350 2702 ds
371 2642 459 2702 dictis
480 2642 588 2702 bannis
608 2645 672 2704 sive
694 2645 809 2703 accusis
830 2643 918 2702 factis
939 2663 993 2721 per
1013 2641 1153 2702 custodes
1174 2643 1286 2699 iuratos
1314 2638 1386 2697 dicti

50 2757 146 2827 castri,
170 2757 344 2818 secundum
364 2756 491 2816 formam
511 2759 616 2816 statuti
637 2757 709 2817 dicti
728 2759 818 2817 castri
839 2758 1071 2834 exequutionem
1084 2755 1184 2815 facere
1199 2752 1278 2812 infra
1292 2773 1386 2812 uuum
1415 2764 1451 2805 20

53 2887 197 2947 mensem,
219 2875 263 2932 ita
283 2873 363 2949 quod
383 2871 517 2949 quolibet
535 2892 638 2933 meuse
659 2873 697 2933 de
718 2873 856 2932 omnibus
885 2875 1008 2946 accusis,
1031 2877 1064 2931 ut
1094 2869 1253 2949 prefertur,
1286 2867 1386 2941 factis,

53 2985 216 3048 teneantur
236 2992 268 3049 et
289 2986 418 3048 debeant
438 2989 669 3064 exequutionem
689 2991 784 3066 ipsam
805 2988 913 3062 facere,
935 2987 1014 3047 infra
1034 3006 1124 3064 quem
1134 3005 1268 3046 mensem
1281 2984 1389 3042 intelli-

57 3107 167 3174 gantur
185 3124 292 3165 omues
313 3123 419 3162 accuse
439 3102 518 3163 facte
538 3102 618 3163 infra
638 3106 736 3182 ipsum
757 3124 900 3164 mensem.
915 3104 981 3164 Nec
994 3105 1058 3180 ipse
1072 3101 1190 3162 balivus
1206 3101 1307 3178 elapso
1321 3100 1386 3176 ipso

59 3233 159 3278 mense
181 3221 278 3298 possit
298 3219 427 3294 aliquem
447 3219 562 3296 punire,
585 3219 635 3279 vel
655 3225 759 3279 contra
779 3239 847 3278 eum
861 3220 1092 3295 exequutionem
1106 3216 1206 3277 facere
1221 3216 1258 3273 de
1274 3213 1391 3274 damnis

61 3327 134 3391 datis
156 3339 189 3393 et
210 3334 326 3393 accusis
345 3333 497 3411 predictis,
518 3339 553 3392 ut
572 3336 709 3411 superius
730 3338 776 3394 est
797 3353 981 3412 expressum.
1420 3355 1453 3409 25

137 3449 182 3510 H.
203 3451 285 3510 Item
305 3449 521 3509 ordinaverunt
541 3454 572 3508 et
593 3449 836 3510 deliberaverunt
857 3449 936 3526 quod
957 3451 983 3508 si
1004 3450 1072 3525 quis
1092 3452 1192 3507 custos
1214 3447 1288 3505 dicti
1301 3447 1393 3506 castri

64 3576 128 3620 curu
150 3562 253 3624 balivo
275 3564 323 3624 vel
344 3564 418 3636 sine,
440 3563 590 3624 invenerit
610 3565 739 3640 aliquem
761 3564 904 3623 damnum
925 3563 1047 3623 dautem
1068 3582 1138 3623 cum
1162 3561 1266 3622 bestiis
1281 3566 1312 3622 et
1325 3563 1391 3620 sine

65 3672 94 3732 iu
112 3678 352 3754 quibuscumque
372 3676 458 3738 bonis
479 3683 510 3738 et
530 3678 620 3739 rebus
641 3681 794 3739 hominum
815 3684 846 3738 et
859 3699 1056 3757 personarum
1070 3679 1142 3738 dicti
1156 3680 1246 3737 castri
1262 3677 1392 3751 Olibani,

67 3790 142 3860 quod
163 3793 228 3870 ipse
249 3800 349 3850 custos
370 3797 508 3852 teneatur
528 3799 558 3852 et
578 3793 687 3854 debeat
709 3793 836 3875 [vocare]
858 3797 958 3871 ipsum
972 3794 1114 3854 damnum
1128 3793 1259 3866 dautem,
1276 3792 1315 3850 ad
1335 3793 1393 3852 hcc

67 3908 98 3961 ut
117 3905 154 3966 de
169 3929 205 3968 eo
225 3909 345 3985 plenam
365 3907 475 3968 habeat
495 3912 640 3986 notitiam,
662 3931 843 3988 cognoscere
859 3931 943 3986 eum;
965 3913 1035 3971 etsi
1050 3931 1118 3971 eum
1133 3932 1193 3970 non
1208 3912 1394 3987 cognoverit,
1425 3930 1460 3985 30

70 4038 125 4079 non
144 4026 239 4102 possit
259 4024 399 4083 eumdem
420 4024 562 4085 damnum
583 4026 705 4086 dantem
728 4045 877 4100 accusare,
903 4032 933 4086 et
957 4029 982 4086 si
1007 4031 1169 4100 accusaret,
1186 4028 1261 4086 eius
1289 4044 1396 4085 accuse

70 4150 126 4192 non
146 4135 295 4208 credatur,
321 4155 377 4194 nec
403 4140 476 4196 stari
507 4137 623 4212 debeat,
656 4159 712 4199 nec
743 4140 781 4199 de
811 4160 847 4199 ea
877 4143 1108 4218 exequutionem
1130 4140 1261 4216 aliquam
1293 4137 1394 4198 facere

73 4253 171 4323 possit.

147 4363 210 4424 ΙΙΙ.
230 4364 311 4423 Item
331 4363 548 4425 ordinaverunt
568 4374 598 4425 et
619 4361 862 4428 deliberaverunt
887 4369 968 4445 quod
997 4371 1024 4428 si
1055 4369 1161 4444 aliquis
1194 4375 1295 4426 custos
1326 4366 1400 4424 dicti

76 4484 158 4541 castri
176 4480 292 4541 faceret
312 4481 442 4557 aliquam
463 4501 609 4556 accusem,
631 4503 685 4544 seu
706 4487 835 4562 aliquem
862 4483 996 4544 indebite
1028 4489 1189 4556 accusaret,
1221 4483 1301 4559 quod
1334 4484 1401 4560 ipse
1429 4499 1460 4556 35

78 4601 169 4658 custos
188 4601 330 4657 teneatur
350 4605 381 4656 et
402 4595 511 4657 debeat
531 4600 648 4660 solvere
668 4602 751 4660 illam
770 4621 887 4679 penam,
911 4601 951 4660 ad
965 4620 1054 4677 quam
1067 4604 1221 4660 teneretur
1232 4603 1398 4672 accusatus,

80 4710 101 4767 si
121 4710 218 4771 debite
239 4715 270 4771 et
290 4711 370 4770 licite
391 4709 500 4773 fuisset
521 4724 686 4776 accusatus.
707 4717 747 4775 Et
767 4717 847 4775 ultra
876 4717 971 4793 ipsam
991 4735 1110 4793 penam,
1143 4715 1259 4774 solvere
1293 4711 1401 4772 debeat

83 4843 179 4900 penam
200 4843 259 4902 que
279 4827 450 4886 continetur
471 4826 508 4886 de
528 4830 672 4907 predictis
692 4831 723 4890 in
744 4831 864 4891 statutis
885 4829 958 4889 dicti
978 4831 1069 4890 castri
1090 4825 1218 4888 Olibani.
