3464 5508
670 469 708 482 ..
728 436 748 495 9
769 468 807 482 .-

19 548 296 612 Verumtamem
316 555 342 612 si
362 552 522 631 impediret
541 571 685 613 numerus
707 551 870 614 bestiarum
891 551 1097 626 minutarum„
1114 545 1151 607 de
1179 544 1289 624 quibus
1308 545 1389 603 esset

14 668 262 726 mormoritum
290 671 367 728 inter
387 670 531 743 homines,
553 669 641 728 liceat
655 669 899 729 castellanetam
919 687 988 728 enm
1009 665 1158 726 massariis
1172 667 1203 723 at
1216 669 1389 722 commesta-

12 781 139 842 bilibus
165 783 261 844 dicti
289 787 379 846 castri
400 785 440 844 ad
460 786 687 861 requisitionem
709 785 860 863 ipsorum,
881 785 907 844 si
927 801 1003 860 quas
1022 783 1065 842 eis
1086 779 1257 854 videbitur,
1278 777 1316 838 de
1336 797 1390 836 nu-

9 919 102 959 mero
129 901 315 962 dictarum
334 901 499 963 bestiarum
520 902 631 980 expelli
652 900 750 962 facere
772 901 810 960 de
830 901 987 960 territoriis
1007 898 1155 959 dictorum
1174 901 1348 956 castrorum.

98 1083 265 1143 XXXI.
288 1085 341 1144 Da
362 1080 558 1157 glandatico
578 1097 766 1158 porcorum
786 1084 819 1142 et
839 1075 1056 1142 iloculorum.
1419 1097 1431 1151 5

100 1253 206 1313 Item
233 1254 324 1332 quod
343 1273 448 1314 omnes
466 1253 602 1314 homines
622 1253 694 1312 dieti
716 1254 806 1312 castri
826 1255 986 1312 teneantur
1005 1251 1121 1313 solvere
1143 1247 1235 1308 Gurie
1251 1264 1305 1324 pro
1319 1263 1390 1322 quo·

6 1365 94 1428 libet
119 1390 240 1447 porco
265 1391 369 1432 eorum
390 1374 557 1448 campestre
578 1371 658 1429 omni
689 1388 767 1429 anno
796 1389 851 1446 pro
883 1365 1055 1446 glandatico
1075 1366 1107 1426 in
1127 1363 1205 1425 festo
1225 1361 1390 1424 nativitatis

9 1484 146 1544 domini
174 1486 335 1547 denarios
355 1487 423 1546 XII
454 1491 581 1560 tantum,
604 1490 634 1545 at
654 1505 708 1564 pro
739 1483 873 1562 quolibet
902 1481 1010 1543 floculo
1041 1481 1178 1542 denarios
1198 1478 1254 1540 VI.
1274 1475 1389 1536 Floeuli

12 1621 96 1660 vero
121 1602 364 1682 intelligantur
383 1605 466 1682 porci
487 1605 618 1680 quinon
639 1600 752 1662 habent
772 1620 884 1660 annum
905 1600 1068 1678 expletum.
1098 1599 1138 1658 Et
1162 1596 1234 1657 dicti
1253 1595 1389 1656 homines

12 1735 92 1774 eum
120 1717 237 1777 dictis
258 1720 358 1796 porois
377 1720 493 1796 possint
513 1720 558 1778 uti
578 1727 608 1777 et
628 1717 690 1777 frui
710 1719 790 1778 omui
820 1722 954 1796 tempore
984 1714 1122 1774 omnibus
1152 1714 1248 1792 sylvis
1273 1713 1389 1772 territe
1418 1729 1452 1772 ιο

15 1833 149 1891 riorum
178 1833 342 1893 dictorum
363 1837 528 1894 castrorum
549 1833 667 1893 Olibaui
688 1839 719 1892 et
738 1832 906 1894 Balvedere
926 1851 980 1891 seu
1001 1831 1114 1890 Pusani
1134 1831 1199 1889 sine
1224 1829 1324 1905 aliqua
1343 1847 1389 1888 re-

17 1949 218 2023 quisitione
241 1956 273 2010 et
293 1951 415 2018 lieentia
431 1949 534 2025 Curio,
546 1952 630 2013 salvo
650 1958 751 2010 tamen
770 1951 803 2009 in
823 1947 1017 2027 castagnetis,
1033 1947 1141 2025 quibus
1154 1948 1199 2006 uti
1216 1964 1277 2005 non
1290 1946 1387 2018 liceat,

19 2065 132 2126 donec
158 2069 257 2145 quod
277 2074 416 2129 castanea
436 2070 498 2129 sint
517 2069 650 2144 collecte;
672 2075 830 2146 postquam
850 2087 922 2129 vero
943 2067 1068 2128 collecte
1086 2064 1207 2142 fuerint,
1222 2064 1312 2126 liceat
1324 2065 1389 2124 uni-

24 2183 150 2258 cuique
176 2187 261 2263 ipsis
281 2204 350 2245 cum
371 2185 459 2245 dictis
479 2187 577 2263 porcis
597 2186 641 2244 uti
660 2205 715 2261 pro
735 2183 819 2244 libito
849 2183 1021 2256 voluntatis,
1044 2189 1074 2242 et
1098 2179 1177 2257 quod
1205 2180 1296 2239 etiam
1316 2176 1388 2237 dicti

24 2295 190 2360 homines
213 2303 332 2380 possint
353 2301 494 2378 colligere
515 2301 643 2378 glandes
663 2302 694 2360 in
715 2301 803 2360 dictis
823 2300 927 2378 sylvis,
948 2300 1014 2358 sine
1034 2296 1142 2370 banno,
1173 2293 1328 2356 reddendo
1350 2293 1388 2353 da
1418 2308 1428 2348 ι
1435 2309 1447 2362 5

28 2415 112 2490 ipsis
138 2425 290 2494 quartam
311 2424 427 2496 partem
450 2417 540 2478 Ourie
561 2419 599 2478 de
619 2418 739 2496 glandis
758 2417 857 2478 euris.

121 2593 282 2654 XXXII.
303 2596 356 2654 De
377 2593 580 2656 auctoritate
602 2593 804 2655 extrahendi
834 2594 939 2654 blada
965 2598 997 2654 et
1017 2589 1225 2654 mercantias
1255 2588 1329 2652 sine
1350 2589 1387 2651 li-

36 2708 178 2770 centia.

124 2880 215 2942 Item
237 2881 319 2957 quod
338 2880 461 2941 cuilibet
482 2882 520 2941 da
541 2881 620 2942 dioto
635 2885 733 2942 castro
747 2883 959 2959 cuiuscumque
973 2879 1151 2942 conditionis
1165 2879 1282 2952 existat,
1298 2877 1385 2939 lioeat

42 2997 215 3058 extrahere
229 2997 267 3058 de
283 2998 361 3058 dioto
376 3003 474 3058 castro
487 2998 553 3058 sine
566 3000 666 3075 aliqua
679 2999 798 3059 lieentia
810 2996 908 3074 Ouria,
920 2999 1032 3072 vinum,
1045 3017 1181 3075 granum,
1196 2994 1340 3055 hordeum
1355 2998 1385 3053 at
1413 3011 1448 3052 20

43 3109 183 3174 bladum
204 3115 423 3192 quodcumque,
444 3117 551 3190 oleum,
572 3116 626 3190 sal,
647 3136 789 3194 pannum,
810 3116 910 3175 lanam
930 3120 961 3176 et
981 3114 1163 3194 generaliter
1182 3132 1285 3173 omnes
1308 3130 1385 3172 mer-

47 3231 179 3304 cantias,
195 3235 226 3291 et
240 3250 298 3306 quo
318 3230 469 3290 voluerint
489 3228 616 3304 deferre,
631 3233 765 3308 exeeptis
777 3231 914 3304 inimicis,
929 3228 1074 3293 solvendo
1087 3229 1280 3310 plateaticum
1293 3227 1384 3288 Ourie

50 3341 89 3402 da
111 3345 210 3407 rebus
232 3345 270 3406 da
291 3345 400 3423 quibus
420 3347 496 3408 solvi
519 3345 610 3407 debet
629 3347 831 3426 plateaticum,
852 3351 887 3406 ut
907 3352 1083 3406 consuetum
1103 3351 1158 3406 est.

131 3523 295 3585 XXXIII.
317 3525 370 3586 Dc
390 3522 463 3597 viis,
484 3523 645 3601 pontibus
667 3529 700 3585 et
721 3523 881 3587 fontibus.

132 3693 215 3752 Item
236 3693 362 3770 quodsi
383 3696 548 3774 oportuerit
568 3696 683 3774 aliquas
702 3696 775 3768 vies,
796 3700 903 3771 pontes
923 3695 971 3756 vel
992 3693 1091 3754 fontes
1111 3691 1234 3753 reficere
1255 3695 1286 3750 et
1298 3709 1382 3769 repa·
1409 3715 1441 3770 25

50 3827 117 3870 rere
140 3813 173 3870 in
195 3810 274 3872 dicto
295 3817 392 3872 castro
412 3813 462 3874 vel
482 3813 732 3890 territorio,quod
752 3813 843 3872 (iuria
862 3818 935 3873 tunc
955 3813 1052 3874 solvat
1065 3831 1119 3890 pro
1134 3810 1303 3884 medietate,
1323 3809 1381 3868 alia

51 3945 122 3988 uero
146 3927 292 3989 medietas
322 3928 474 3990 dividatur
492 3931 523 3988 in
544 3929 619 3990 duas
649 3935 749 4007 partes
780 3930 909 4006 equales,
944 3929 982 3990 de
1012 3929 1122 4006 quibus
1151 3947 1243 3988 unam
1262 3929 1381 3990 solvant

53 4045 180 4120 pedites,
202 4045 260 4104 alia
282 4064 353 4106 vero
375 4046 527 4108 dividatur
547 4047 579 4104 in
599 4050 660 4106 tres
680 4051 782 4125 partes
802 4048 932 4124 equales,
954 4045 1119 4124 dequibus
1133 4045 1248 4107 nobiles
1261 4047 1380 4108 solvant

56 4157 138 4235 duas,
161 4161 308 4238 reliquam
327 4170 444 4240 partem
463 4162 607 4236 Ecclesia,
628 4168 662 4222 ut
682 4168 858 4225 consuetum
877 4171 932 4224 est.

132 4337 285 4399 XXXIV.
307 4341 361 4402 Da
391 4338 666 4403 successionibus
698 4340 863 4415 omnium,
885 4346 960 4403 tam
980 4357 1023 4403 ex
1044 4345 1247 4402 testamento
1272 4357 1377 4418 quam
1407 4353 1441 4408 30

60 4455 101 4513 ab
121 4451 289 4517 intestato.

135 4621 214 4680 Item
234 4623 414 4699 quicumque
435 4623 474 4683 de
494 4622 574 4683 dioto
595 4629 691 4683 castro
712 4625 880 4698 moriretur,
908 4644 968 4684 nou
989 4623 1199 4702 superstitibus
1219 4623 1276 4685 sibi
1297 4625 1375 4697 filiis,

63 4735 206 4812 iratribus,
227 4742 331 4812 matre,
364 4739 530 4818 nepotibus,
562 4741 676 4818 patruis
707 4739 756 4801 vel
786 4738 943 4799 avunculis
973 4736 1151 4811 carnalibus,
1179 4739 1317 4799 testando
1339 4739 1376 4798 de

125 4851 163 4906 La
183 4853 309 4909 Materia.
1289 4866 1304 4906 ²
