3464 5508
941 461 979 472 ..
1000 427 1040 486 36
1061 461 1100 472 ..

354 539 446 596 ctum.
466 535 507 595 Et
520 537 572 613 qui
585 535 797 600 contrafecerit
815 541 960 619 puniatur
979 542 1010 601 in
1031 541 1061 604 V
1080 540 1191 602 solidos
1212 545 1243 602 et
1262 547 1391 620 cogatur
1409 545 1560 604 iterumad
1573 555 1666 606 actam

354 649 425 712 dam
445 651 534 724 mam,
556 655 590 712 ut
610 658 786 715 consuetum
808 663 863 716 est.

435 829 618 892 CXXXIX.
642 831 694 892 De
715 831 919 894 aumoritate
940 833 1091 896 faciendi
1113 835 1292 899 calcarias.

434 997 513 1058 Item
534 999 614 1076 quod
634 1001 795 1078 unicuique
815 1003 855 1062 sit
875 1003 990 1063 licitum
1011 1004 1158 1065 conficere
1177 1010 1208 1066 et
1228 1004 1329 1067 facere
1350 1008 1491 1067 calcarias
1503 1009 1561 1067 sine
1577 1011 1665 1085 aliquo

313 1123 326 1178 5
353 1113 470 1188 salario,
489 1120 575 1194 parte
595 1135 649 1176 seu
669 1115 789 1177 redditu
811 1118 909 1178 dando
930 1121 1020 1194 curie,
1043 1126 1073 1180 et
1093 1121 1157 1180 sine
1178 1119 1278 1180 banno
1299 1121 1432 1183 incidere
1445 1124 1524 1200 ligna
1536 1145 1585 1202 pro
1598 1128 1662 1202 ipsis

354 1229 499 1304 calcariis,
521 1231 614 1291 salvis
634 1231 726 1309 lignis
747 1233 947 1294 existentibus
967 1235 998 1294 in
1018 1235 1092 1296 locis
1113 1236 1274 1310 destrictis,
1296 1236 1439 1297 laboratis
1460 1243 1489 1297 et
1512 1242 1665 1318 specialium

353 1365 558 1426 personarum.
579 1346 724 1408 Similiter
743 1353 774 1408 et
793 1350 886 1411 salvia
905 1352 998 1429 lignis
1017 1372 1072 1412 seu
1093 1352 1250 1414 arboribus
1270 1355 1442 1433 sperullatis
1462 1359 1492 1414 et
1511 1359 1664 1434 asseptatis,

354 1459 534 1538 ubicumque
554 1462 753 1524 existentibus
774 1469 807 1524 ut
827 1467 858 1524 iu
878 1467 1083 1545 superioribus
1103 1470 1242 1547 capitulis
1262 1473 1392 1530 notatur.

435 1637 528 1699 OXL.
549 1639 603 1699 De
622 1639 823 1715 plazzatico.

298 1826 331 1866 lo
435 1808 515 1868 Item
536 1807 617 1884 quod
638 1809 818 1885 quicumque
839 1811 1006 1870 extraxerit
1026 1810 1065 1869 de
1086 1809 1166 1868 dicto
1187 1814 1284 1870 castro
1306 1831 1454 1887 granum,
1477 1815 1587 1885 vinum,
1608 1814 1665 1871 hor-

357 1920 457 1996 deum,
480 1928 511 1983 et
521 1923 704 2000 generaliter
714 1923 922 2000 quodcumque
938 1922 1070 1998 bladum,
1087 1932 1224 1984 teneatur
1239 1923 1376 2006 [solvere]
1388 1947 1442 2004 pro
1453 1927 1665 2003 qualibetsalma

357 2038 440 2098 curie
461 2036 600 2098 denarios
621 2037 691 2097 1111
710 2059 764 2116 pro
779 2040 948 2118 pleuretico.
970 2039 1030 2100 Pro
1052 2038 1231 2099 animalibus
1252 2059 1332 2112 vero,
1355 2043 1433 2115 lana,
1445 2063 1539 2120 panno
1552 2047 1665 2119 etgene-

356 2153 460 2214 ruliter
480 2173 535 2231 pro
555 2155 635 2214 omni
657 2155 820 2214 mercantia
840 2159 979 2214 teneatur
998 2176 1052 2233 pro
1073 2156 1234 2233 planzatico
1266 2155 1404 2215 denarios
1434 2157 1467 2215 X
1497 2177 1548 2235 per
1573 2157 1663 2215 librum

356 2270 454 2352 pretii,
476 2288 534 2346 quo
555 2269 738 2331 venduntur.
760 2268 859 2329 Salvis
880 2267 970 2329 rebus
991 2268 1134 2330 nobilium
1156 2277 1187 2330 et
1207 2271 1410 2344 ecclesiarum,
1433 2271 1471 2331 de
1491 2271 1591 2349 quibus
1608 2292 1658 2330 non

299 2403 328 2455 ις
357 2389 519 2450 teneantur
538 2387 656 2446 solvere
677 2385 880 2464 plaaneticum,
902 2389 936 2444 ut
956 2389 1132 2446 consuetum
1152 2395 1208 2446 est.

437 2563 548 2625 CXLI.
569 2565 623 2625 De
644 2562 907 2625 confirmatione
928 2569 961 2625 ct
981 2564 1233 2640 subscriptione
1253 2568 1390 2642 Septem
1404 2569 1663 2628 Reformatorem

358 2679 560 2756 Reipublicc
581 2683 832 2742 Rornanorum.

434 2852 474 2912 In
494 2851 614 2911 nomine
633 2851 754 2910 Domini
774 2851 882 2910 Amen.
903 2850 967 2910 Nos
988 2850 1123 2911 Oecchus
1146 2853 1291 2926 Parentis,
1313 2853 1424 2911 Petrus
1454 2853 1589 2930 Magistri
1615 2849 1663 2907 An-

357 2969 428 3046 geli,
449 2969 557 3026 Tutius
577 2967 762 3040 Tordonerii,
784 2967 898 3025 Paulus
917 2966 1000 3038 Neri,
1022 2966 1152 3026 Ioannes
1172 2968 1294 3044 Angeli,
1315 2967 1451 3027 Gecchue
1483 2968 1578 3026 dictus
1605 2965 1663 3023 alias

297 3103 331 3142 20
357 3084 495 3144 Scellone
515 3088 546 3144 et
566 3083 725 3142 Tucciolus
744 3083 834 3141 Pauli
854 3083 1022 3142 Maozellini
1043 3087 1174 3158 septem
1194 3083 1455 3144 Reformatores
1488 3078 1665 3156 Reipublice
1696 3143 1699 3156 Ι

357 3201 597 3268 Romanorum
608 3197 781 3277 supradicta
792 3198 912 3257 Statuta
923 3203 953 3257 et
964 3199 1172 3260 ordinamenta
1183 3199 1254 3258 dicti
1260 3201 1350 3260 castri
1356 3199 1475 3259 Olibani
1481 3198 1665 3258 confirmamus
1701 3247 1702 3298 ,

358 3321 389 3380 et
408 3336 463 3395 per
483 3317 582 3376 omnia
602 3313 828 3374 corroboramus
849 3319 879 3374 et
900 3314 1109 3392 approbamus.
1132 3316 1222 3375 Salvo
1237 3316 1317 3392 quod
1331 3318 1357 3375 si
1371 3317 1402 3374 in
1417 3317 1461 3374 eis
1475 3317 1664 3380 contineretur,

358 3453 411 3496 eeu
433 3433 531 3509 aliquo
552 3435 685 3508 tempore
705 3433 888 3508 reperiretur
908 3432 1037 3508 aliquod,
1060 3432 1140 3508 quod
1161 3437 1241 3492 esset
1252 3436 1357 3491 contra
1366 3432 1510 3490 honorem
1526 3435 1555 3490 et
1575 3431 1664 3488 statum
1701 3439 1702 3532 q

359 3549 453 3609 Urbis
474 3553 505 3609 et
525 3550 675 3627 presentis
695 3553 792 3607 status
812 3567 865 3608 seu
888 3546 1012 3608 Camere
1026 3547 1127 3621 Urbis,
1142 3549 1195 3608 vel
1211 3552 1331 3608 contra
1345 3549 1480 3609 Statuta
1494 3563 1581 3607 nova
1594 3546 1664 3606 facta

298 3681 330 3735 25
358 3663 408 3724 vel
428 3662 537 3736 fienda,
558 3681 612 3721 seu
633 3660 896 3722 reformationes
917 3661 1018 3720 Urbis
1039 3661 1150 3722 factas
1171 3663 1220 3721 vel
1240 3660 1366 3735 fiendae,
1388 3660 1468 3738 quod
1483 3660 1663 3739 predictaque

358 3779 402 3840 sic
422 3782 523 3837 essent
543 3782 647 3837 contra
668 3780 701 3836 ut
721 3797 812 3855 supra
834 3776 946 3839 dictum
967 3781 1021 3849 est,
1042 3798 1102 3835 non
1116 3778 1237 3836 valeant
1251 3797 1348 3852 neque
1362 3781 1495 3849 teneant,
1510 3789 1660 3852 nequepre·

360 3913 430 3960 sene
451 3895 636 3955 confirmatio
657 3893 697 3952 ad
717 3894 782 3970 ipsa
802 3893 985 3952 extendatur
1004 3912 1058 3951 seu
1078 3895 1109 3950 in
1131 3895 1174 3952 eis
1194 3895 1292 3952 locum
1313 3892 1432 3952 habeat.

440 4071 569 4132 OXLH.
590 4070 804 4145 Subscriptio
826 4070 1049 4131 dominorum
1068 4071 1360 4132 Reformatorum.

440 4242 550 4302 Actum
572 4244 603 4301 in
625 4241 762 4301 domibus
783 4242 944 4301 residentie
959 4241 1159 4319 predictorum
1176 4241 1363 4301 dominorum
1376 4241 1610 4301 Reformatorem
1622 4234 1661 4296 sub
1701 4239 1702 4242 ’

301 4393 334 4447 30
361 4378 439 4418 anno
455 4358 565 4417 domini
580 4358 737 4416 millesimo
751 4358 952 4416 tricentesimo
966 4358 1154 4434 sexagesimo
1169 4361 1283 4432 quarto,
1299 4355 1489 4434 pontificatus
1504 4355 1607 4416 domini
1623 4351 1662 4409 Ur·

360 4473 432 4533 bani
442 4494 519 4552 pape
530 4476 634 4550 quinti,
646 4478 779 4550 tempore
790 4472 942 4550 magnifici
954 4475 1010 4531 viri
1022 4473 1133 4532 domini
1143 4471 1292 4532 Bonifacii
1303 4466 1661 4532 deRicciardisdePietorio

360 4593 471 4663 militis,
494 4592 570 4650 alme
590 4588 683 4650 Urbis
703 4590 850 4649 senatoria
871 4590 1003 4661 illustris,
1025 4588 1187 4648 indictione
1207 4588 1349 4661 secunda,
1370 4607 1473 4647 mense
1487 4587 1618 4656 ianuario,
1628 4581 1660 4640 die

361 4705 559 4785 quindecima.
