3464 5508
658 487 696 496 -
718 453 755 511 21
779 487 818 496 -

99 623 286 687 LXXVII.
311 628 379 688 De
400 626 602 690 excessibus
622 625 820 690 commissis
839 626 876 690 in
897 643 981 706 agro
1001 631 1057 692 vel
1078 629 1114 691 in
1135 632 1239 692 dumo
1259 631 1395 696 offensi.

101 793 189 854 Item
211 795 308 872 quud
333 817 448 858 omnes
467 816 545 876 pene
565 816 744 858 excessuum
764 800 990 860 commissurum
1011 801 1042 860 iu
1063 819 1137 878 agro
1162 801 1212 861 vel
1243 801 1274 858 in
1305 800 1395 863 domo

28 906 129 968 utiensi
143 910 198 970 vel
214 910 252 968 in
269 911 536 990 contingentibus
550 919 581 974 et
594 915 783 992 pertinentiis
797 916 928 997 ipsorum
943 915 1050 976 dumus
1064 923 1094 975 et
1108 916 1175 993 agri
1191 915 1394 994 duplicentur,

26 1027 45 1086 si
66 1030 173 1088 tamen
196 1028 283 1088 inde
307 1028 413 1090 suerii
432 1032 656 1109 proclamatum,
678 1037 709 1093 et
729 1031 860 1093 offensor
879 1041 952 1094 tuno
972 1035 1067 1112 possit
1087 1032 1202 1094 offendi
1221 1035 1287 1094 sine
1307 1055 1394 1114 pena,

25 1143 169 1204 videlicet
184 1148 271 1208 dnm
288 1157 348 1214 est
362 1154 395 1212 in
409 1151 506 1224 domo,
521 1170 604 1227 agro,
618 1149 667 1210 vel
681 1151 871 1228 pertinentiis
884 1153 1017 1230 ipsarum
1030 1154 1253 1230 possessionum
1275 1152 1392 1214 offensi.
1426 1163 1437 1216 5

101 1325 317 1389 LXXVIII.
344 1332 399 1390 De
419 1329 618 1392 excessibus
639 1328 836 1392 commissis
857 1331 902 1391 ad
923 1328 1168 1392 defensionem.

105 1496 193 1556 Item
218 1501 282 1575 qui
307 1500 353 1560 ad
375 1499 581 1560 defensionem
600 1521 686 1562 suam
707 1501 756 1563 vel
776 1519 831 1560 sue
858 1498 979 1573 familie,
1012 1505 1115 1578 utpote
1134 1503 1250 1580 petris,
1282 1500 1396 1576 fratris,

27 1612 149 1685 sororis,
174 1617 301 1676 matris
327 1621 359 1676 et
379 1618 497 1695 nepotis
527 1617 656 1676 carnalis
685 1635 739 1676 seu
770 1613 940 1676 consobrini
971 1617 1021 1678 vel
1050 1615 1206 1678 familiaris
1239 1617 1397 1679 domestici

29 1725 145 1802 aliquid
168 1728 308 1807 fecerit,
332 1753 386 1794 seu
409 1733 541 1809 aliquem
560 1730 729 1807 offenderit,
751 1753 809 1793 nun
831 1733 970 1794 teneatur
991 1732 1170 1812 adponam.

111 1907 290 1970 LXXIX.
316 1913 371 1972 De
391 1909 591 1973 excessibus
612 1909 809 1974 commissis
830 1915 952 1972 contra
973 1910 1133 1976 cilitiales
1153 1914 1208 1974 vel
1238 1911 1274 1974 in
1299 1912 1396 1976 curia
1428 1953 1460 1992 ,ο

37 2023 91 2082 vei
111 2020 151 2084 in
175 2024 291 2089 iestis
313 2025 571 2104 principalibus.

116 2192 206 2254 Item
231 2198 425 2273 quicumque
446 2195 606 2258 offenderit
626 2197 824 2257 castellanum
845 2196 895 2256 vel
926 2197 990 2256 eius
1020 2195 1168 2270 offitiales,
1197 2196 1245 2258 vel
1276 2196 1397 2274 aliquod

41 2308 157 2370 crimen
182 2311 277 2373 dictu
300 2333 355 2373 seu
377 2312 456 2373 factu
471 2313 653 2373 summiserit
666 2315 697 2372 in
712 2314 796 2373 curia
810 2313 882 2372 dicti
896 2313 995 2386 castri,
1010 2313 1060 2374 vel
1074 2313 1104 2371 in
1117 2311 1203 2373 festis
1217 2331 1271 2372 seu
1285 2313 1398 2390 vigiliis

44 2425 221 2488 nativitatis
244 2429 391 2502 Domini,
412 2429 653 2490 Resurrectionis
683 2433 714 2488 et
744 2427 968 2507 Assumptiunis
998 2429 1093 2488 Beate
1124 2428 1220 2488 Marie
1250 2428 1396 2506 Virginis,

44 2537 225 2616 duplicetur
248 2547 281 2604 ei
301 2564 382 2623 pena
401 2564 491 2622 quem
511 2546 661 2606 sustinere
682 2542 808 2606 deberet
828 2564 883 2622 per
904 2544 1036 2622 capitula
1056 2547 1178 2618 statute,
1190 2545 1215 2604 si
1231 2542 1398 2603 offenderet
1428 2587 1458 2640 ,ς

50 2652 105 2714 alio
126 2661 277 2738 ternpore
299 2662 331 2721 in
352 2661 418 2721 aliis
432 2661 505 2722 lucis
518 2681 573 2721 seu
587 2661 653 2720 aliis
667 2661 813 2738 personis,
828 2659 947 2720 Slvere
962 2679 1066 2720 omnes
1079 2658 1231 2738 predictos
1245 2677 1397 2732 excessus,

50 2772 218 2850 inquibus
241 2797 324 2856 pene
345 2777 546 2856 duplicantur,
567 2778 616 2839 vel
647 2777 749 2856 plures
779 2779 913 2856 ipsorum
938 2776 1120 2836 commiserit
1150 2774 1275 2851 aliquis,
1304 2775 1398 2834 semel

53 2889 170 2949 unium
193 2892 373 2971 duplicetur
392 2912 471 2972 pena
491 2891 559 2967 sibi,
581 2893 638 2952 hoc
658 2892 769 2967 additu,
792 2892 873 2969 quod
898 2889 949 2951 ubl
981 2888 1185 2951 offenderetur
1215 2888 1398 2948 castellanus

57 3019 107 3060 seu
120 3006 262 3067 vicarius
275 3027 331 3087 per
344 3027 571 3085 quemcumque,
584 3007 664 3084 quod
674 3006 832 3067 offendens
845 3007 988 3085 puniatur
1002 3005 1091 3066 modo
1105 3010 1136 3065 et
1149 3003 1247 3064 forma
1260 3005 1398 3081 superius

58 3133 212 3196 expresse,
237 3127 269 3184 et
289 3125 376 3184 aliter
396 3124 436 3183 ad
455 3121 612 3183 arbitrium
633 3123 821 3183 dominorum
842 3122 914 3181 dicti
936 3124 1026 3182 castri
1047 3123 1098 3198 qui
1119 3139 1199 3180 nunc
1214 3123 1285 3179 sunt
1299 3123 1329 3179 et
1343 3137 1398 3198 per
1428 3163 1462 3202 20

61 3235 195 3311 tempora
216 3244 317 3300 eumt.
337 3240 378 3298 Et
396 3239 453 3299 hoc
473 3240 572 3300 locum
596 3238 706 3299 habeat
727 3241 758 3299 in
778 3237 970 3318 presentibus
1001 3241 1032 3297 et
1062 3236 1181 3296 futuris.
1214 3235 1313 3294 Etiam
1345 3255 1399 3313 pro

62 3343 177 3411 delictis
199 3373 261 3431 que
282 3355 540 3414 committerentur
559 3355 591 3412 in
604 3355 757 3431 presentia
770 3354 874 3415 vicarii
888 3372 941 3413 seu
957 3353 1112 3412 castellani
1127 3351 1296 3429 duplicetur
1309 3369 1397 3428 pena.

68 3459 105 3520 El
123 3471 223 3544 possit
243 3469 412 3530 omnimodo
433 3468 555 3551 procedi
575 3471 606 3530 iu
626 3470 779 3548 predictis.

143 3645 281 3708 LXXX.
302 3648 356 3709 De
375 3663 464 3724 pena
485 3662 675 3709 armorum.

145 3817 227 3880 Item
247 3820 274 3879 si
294 3820 361 3896 quis
380 3820 522 3880 inventus
541 3818 634 3880 fuerit
654 3839 723 3879 cum
743 3820 834 3879 ermis
854 3816 1013 3897 prohibitis
1032 3836 1087 3896 per
1106 3817 1260 3877 Vican'um
1281 3817 1331 3877 vel
1352 3815 1399 3878 fs·
1429 3848 1461 3902 25

74 3928 199 3994 miliares
220 3941 251 3994 et
271 3933 449 3994 domesticos
468 3935 563 4015 ipsius
576 3935 657 3996 intus
671 3941 801 3996 castrum
816 3934 992 4015 predictum,
1009 3933 1048 3992 de
1062 3933 1110 3993 die
1124 3934 1222 3996 solvat
1235 3932 1264 3992 V
1278 3932 1399 4007 solidos,

78 4041 111 4102 du
128 4056 214 4112 nocte
234 4070 306 4112 vero
328 4049 440 4125 decem,
462 4054 597 4130 exceptis
617 4051 789 4112 offitialibus
813 4053 895 4112 curie
916 4056 948 4110 et
968 4051 1142 4123 communis,
1158 4048 1266 4128 quibus
1281 4055 1399 4128 portare

78 4160 166 4242 liceat,
186 4188 248 4228 nun
268 4172 370 4226 tamen
390 4168 536 4229 malitiose
556 4169 611 4230 sed
630 4191 685 4248 pro
705 4174 786 4229 statu
807 4169 930 4247 pacifico
951 4173 981 4228 et
1001 4167 1160 4228 concordia
1180 4167 1253 4227 dicti
1273 4168 1372 4226 castri.

148 4348 299 4408 LXXXI.
320 4348 373 4410 De
393 4349 571 4426 suspectis.

150 4519 227 4579 Item
252 4519 303 4596 qui
324 4519 485 4593 densere,
506 4524 610 4594 matre,
633 4518 694 4578 filia
715 4519 764 4580 vel
783 4537 885 4578 sorore
905 4517 1026 4590 carnali,
1048 4516 1097 4577 vel
1121 4519 1211 4594 nepte
1242 4517 1399 4593 suspectus
1430 4531 1463 4586 30

84 4628 190 4696 habitus
210 4635 310 4710 fuerit,
331 4636 358 4697 si
377 4640 446 4714 post
465 4635 696 4714 prohibitionem
716 4636 748 4696 in
769 4635 856 4695 domo
877 4635 958 4694 illius
977 4612 1118 4694 inventus
1142 4630 1234 4692 fuerit
1264 4650 1333 4690 cum
1364 4649 1400 4690 ea

85 4745 226 4842 inhoneste
246 4754 363 4828 morari,
385 4753 528 4832 puniatur
548 4754 580 4812 in
600 4757 722 4814 centum
741 4750 854 4813 solidis.
