3464 5508
901 443 938 454 ...
958 409 1000 468 40
1020 443 1058 454 .-

398 519 453 582 IV.
474 519 552 582 Item
573 521 789 583 ordinaverunt
802 527 833 582 et
847 521 1091 586 deliberaverunt
1104 524 1185 602 quod
1199 523 1325 601 quilibet
1338 523 1453 584 balivus
1470 522 1553 582 dicti
1567 520 1652 580 castri

315 634 354 694 de
374 633 512 696 omnibus
532 641 563 695 et
582 637 710 714 singulis
732 637 849 698 damnis
869 639 948 698 datis
968 640 1000 698 in
1021 659 1125 717 grano,
1146 639 1268 712 hordeo,
1289 637 1376 712 fabis,
1398 639 1501 715 spelta
1524 640 1559 695 et
1588 654 1653 711 quo-

315 769 443 828 cumque
463 751 521 811 ulio
544 771 655 828 genere
676 751 758 811 bladi
778 759 918 813 teneatur
937 759 968 812 ct
988 752 1097 814 debeat
1120 755 1178 832 ipsi
1199 754 1341 814 damnum
1362 773 1457 830 passo,
1484 769 1589 826 usqne
1620 747 1654 805 ad

316 864 427 928 festum
448 867 558 926 Sancte
579 867 674 927 Maris
696 867 733 928 de
755 887 857 928 meuse
878 868 1065 946 septembris,
1088 875 1119 929 et
1138 888 1193 947 per
1214 875 1309 928 totum
1330 871 1428 946 ipsum
1447 866 1575 926 festum
1591 866 1656 924 'fieri

275 1007 286 1058 5
317 981 417 1042 facere
439 981 631 1064 [emendare].
652 981 738 1042 Alias
758 985 822 1061 ipso
842 985 970 1045 termino
991 1004 1046 1044 seu
1065 989 1199 1063 tempore
1221 985 1331 1062 elapso,
1343 989 1485 1043 teneatur
1499 988 1535 1041 et
1551 980 1655 1040 debeat

317 1103 442 1177 patrono
455 1099 526 1158 dicti
547 1097 647 1159 damni
669 1100 733 1176 ipse
756 1099 880 1174 balivus,
896 1101 960 1160 sive
975 1121 1053 1160 unus
1067 1102 1131 1160 sive
1144 1102 1247 1178 plures
1260 1099 1382 1173 fuerint,
1397 1102 1499 1178 ipsum
1514 1099 1657 1156 damnum
1695 1165 1696 1188 χ

319 1213 356 1276 de
367 1235 421 1276 suo
442 1215 602 1275 emendare
623 1223 654 1274 et
667 1215 840 1276 satisfacere
855 1219 1021 1278 secundum
1036 1220 1305 1296 appretiamentum
1319 1216 1433 1276 factum
1443 1237 1503 1294 per
1520 1213 1659 1274 custodes

320 1331 391 1390 dicti
412 1331 511 1403 castri,
534 1335 567 1388 ut
588 1332 678 1390 moris
699 1339 745 1390 est
765 1333 795 1390 in
818 1331 897 1392 dieto
920 1339 1026 1393 cestro.

400 1443 437 1504 V.
459 1445 538 1504 ltem
558 1445 774 1504 ordinaverunt
795 1451 825 1503 et
846 1445 1090 1506 deliberaverunt
1111 1447 1190 1522 quod
1212 1437 1338 1522 quilibet
1362 1446 1480 1506 balivus
1518 1451 1659 1504 teneatur

260 1582 292 1619 ro
320 1566 350 1618 et
371 1559 480 1620 debeat
501 1559 580 1620 dello
602 1561 752 1634 cordesco,
774 1561 915 1622 videlicet
936 1562 973 1620 de
995 1562 1092 1636 mileo,
1115 1582 1237 1641 canape,
1259 1561 1402 1634 fasciolis,
1432 1568 1463 1621 et
1493 1562 1560 1620 alio
1594 1579 1660 1633 quo-

320 1693 447 1752 cumque
470 1694 581 1752 genere
602 1675 799 1750 cordiscuum,
822 1677 852 1734 in
873 1675 982 1753 quibus
1004 1676 1147 1736 damnum
1167 1676 1225 1735 fuit
1246 1678 1357 1750 datum,
1386 1679 1485 1753 ipsum
1508 1675 1655 1732 damnum

320 1795 446 1868 patrono
468 1788 568 1850 facere
589 1790 750 1850 emendare
771 1795 801 1850 et
821 1789 994 1851 satisfacere
1015 1811 1110 1868 usque
1131 1792 1170 1851 ad
1200 1791 1312 1852 festum
1342 1793 1512 1852 nativitatis
1546 1787 1654 1848 domini

322 1907 417 1966 nostri
436 1907 509 1966 Iesu
530 1906 650 1979 Christi,
673 1905 806 1982 quolibet
827 1927 914 1968 anno.
935 1907 1021 1968 Alias
1041 1911 1068 1968 si
1088 1910 1249 1986 negligens
1269 1907 1361 1968 fuerit
1381 1911 1447 1986 ipse
1468 1907 1602 1978 balivus,
1615 1910 1654 1961 te

322 2025 431 2080 nentur
450 2022 514 2098 ipse
535 2020 697 2081 emendare
717 2025 870 2100 utsupra.
1695 1998 1696 2001 Ἴ

262 2152 291 2206 15
402 2136 459 2198 VI.
480 2136 559 2195 Item
580 2135 796 2197 ordinaverunt
816 2145 847 2197 et
874 2137 1120 2200 deliberaverunt
1150 2143 1185 2198 ut
1214 2159 1306 2216 supra
1336 2138 1418 2214 quod
1449 2138 1488 2197 de
1519 2133 1652 2196 omnibns

323 2257 355 2312 et
374 2252 502 2328 singulis
523 2251 641 2311 damnis
662 2252 748 2326 datis,
774 2261 834 2311 tem
855 2255 887 2311 in
908 2255 995 2314 olivis
1016 2274 1106 2330 quam
1126 2256 1157 2314 in
1178 2255 1326 2313 castaneis
1356 2259 1387 2313 et
1418 2252 1650 2330 quibuscumque
1695 2293 1696 2356 1

322 2367 388 2426 aliis
408 2365 557 2425 fructibus
578 2370 608 2425 et
627 2368 732 2443 pomis,
755 2371 894 2426 teneatur
914 2376 945 2426 et
966 2366 1075 2426 debeat
1094 2370 1159 2446 ipse
1172 2367 1290 2429 balivus
1304 2371 1369 2428 sive
1382 2387 1462 2427 unus
1475 2370 1543 2429 sive
1555 2365 1649 2443 plnres

323 2480 445 2555 fuerint,
467 2483 566 2558 ipsum
587 2481 729 2540 damnum
750 2480 850 2541 facere
871 2482 1031 2542 emendare
1053 2502 1147 2559 usque
1168 2502 1222 2560 per
1242 2487 1338 2542 totum
1360 2503 1494 2543 mensem
1518 2477 1647 2540 Ianuarii
1695 2539 1696 2544 ἵ

325 2616 403 2656 anno
425 2595 566 2671 quolibet.
587 2596 673 2655 Alias
694 2597 719 2654 si
738 2596 795 2655 hoc
815 2594 915 2655 facere
936 2598 1114 2674 neglexerit,
1137 2602 1276 2657 teneatur
1295 2599 1361 2674 ipse
1382 2598 1543 2656 emendam
1557 2595 1648 2654 facere

262 2729 297 2770 20
324 2713 362 2772 de
383 2731 438 2770 suo
459 2713 587 2789 proprio,
609 2716 734 2789 patrono
756 2711 828 2769 dicti
849 2711 951 2770 damni
972 2716 1004 2771 ut
1024 2732 1115 2790 supra
1135 2715 1313 2772 continetur.

403 2829 476 2890 VH.
496 2828 576 2888 Item
596 2829 810 2889 ordinaverunt
831 2834 861 2888 et
876 2827 1119 2890 deliberaverunt
1133 2829 1213 2906 qnod
1227 2832 1253 2889 si
1268 2832 1334 2906 quis
1348 2836 1449 2889 custos
1464 2830 1537 2889 dicti
1553 2823 1645 2892 castri,

324 2950 387 3004 tam
407 2964 475 3004 cum
496 2943 595 3004 balivo
616 2963 706 3020 quam
726 2944 800 3016 sine,
822 2945 972 3005 invenerit
993 2944 1122 3020 aliquem
1143 2943 1287 3004 damnum
1313 2945 1436 3003 dantem
1459 2964 1527 3004 cum
1554 2939 1646 3002 bestiis

326 3066 357 3120 et
377 3062 451 3133 sine,
474 3057 582 3118 debeat
603 3064 633 3117 et
653 3062 791 3118 teneatur
811 3078 919 3118 vocare
940 3059 1082 3118 damnum
1104 3058 1646 3132 dantem,etdeeohaberesiuceran1

326 3177 470 3246 notitiam,
492 3195 546 3252 pro
568 3193 603 3233 eo
624 3174 702 3250 quod
725 3173 868 3232 damnum
890 3173 965 3232 dans
986 3194 1047 3232 non
1068 3175 1161 3251 possit
1181 3193 1294 3250 negare
1316 3175 1469 3250 damnum.
1490 3175 1576 3232 Alias
1594 3186 1645 3229 non

264 3304 297 3357 25
327 3291 468 3350 credatur
488 3291 672 3361 accusatori,
704 3293 735 3346 et
766 3288 803 3346 de
825 3288 904 3348 dicto
936 3288 1045 3347 damno
1067 3289 1238 3348 nullatenus
1268 3291 1363 3366 possit
1389 3287 1456 3348 fieri
1486 3284 1646 3365 exequutio.

408 3461 486 3520 Acta
506 3457 629 3517 fuerunt
649 3459 748 3516 omnia
768 3465 799 3516 et
818 3459 939 3534 singula
959 3458 1131 3534 supradicta
1150 3459 1182 3516 in
1202 3463 1300 3518 castro
1321 3457 1441 3518 Olibani
1455 3459 1646 3519 antedomum
1695 3504 1696 3519 r

328 3578 410 3638 curie
431 3574 558 3648 Olibani,
579 3575 611 3633 in
631 3576 766 3632 contrata
785 3573 870 3630 iuxta
891 3571 1012 3630 domum
1032 3570 1214 3650 infrascripti
1245 3574 1370 3647 notarii,
1404 3573 1526 3634 domum
1555 3565 1645 3632 (liechi

327 3692 489 3752 Oasmssani
509 3692 594 3748 iuxta
614 3690 693 3749 viam
706 3686 856 3764 publicam
871 3707 889 3744 a
903 3685 1019 3745 duobus
1033 3686 1176 3746 lateribus
1191 3692 1222 3746 et
1235 3688 1308 3748 alios
1322 3688 1406 3762 fines,
1418 3687 1608 3766 presentibus
1621 3685 1646 3740 el
1695 3650 1696 3721 i

327 3806 519 3871 audientibus
532 3806 579 3864 his
593 3802 730 3876 testibus,
737 3802 877 3864 videlicet
890 3801 1007 3860 Iuliano
1019 3802 1149 3876 Palouis,
1161 3802 1282 3879 Angelo
1296 3803 1468 3880 Petripedis
1481 3811 1513 3863 et
1522 3804 1644 3864 Iohanne
1695 3837 1696 3922 q

267 3948 302 4002 30
327 3927 485 3998 Dominici,
507 3920 645 3981 omnibus
666 3919 704 3978 de
726 3916 861 3990 Olibano,
883 3917 922 3975 ed
942 3917 1078 3994 predicta
1098 3920 1212 3978 vocatis
1233 3925 1263 3978 et
1283 3919 1453 3996 specialiter
1474 3921 1594 3996 rogatis.

410 4041 450 4098 Et
471 4058 527 4114 ego
549 4034 655 4095 Oiccus
675 4032 791 4092 Nicolai
810 4031 967 4092 Valentini
988 4031 1024 4090 de
1046 4030 1173 4092 Olibano
1196 4031 1335 4109 publicus
1366 4033 1529 4110 apostolica
1559 4033 1645 4092 aueto-
1695 4032 1696 4117 l

328 4161 417 4217 ritate
438 4154 580 4224 notarius,
602 4147 744 4226 predictis
765 4144 903 4206 omnibus
918 4150 948 4204 et
967 4147 1105 4223 singulis,
1128 4146 1200 4205 dum
1220 4149 1264 4206 sic
1285 4147 1502 4207 ordinaverunt
1525 4153 1555 4208 st
1574 4147 1643 4214 fient,

327 4267 458 4330 interfui.
479 4267 519 4325 Et
538 4264 674 4343 predicta
685 4263 784 4321 omnia
793 4265 823 4320 et
836 4261 956 4338 singula
972 4261 1010 4320 de
1024 4261 1177 4322 voluntate
1192 4264 1283 4321 totius
1297 4265 1462 4322 communis
1478 4264 1549 4323 dicti
1563 4258 1642 4323 castri
1688 4323 1692 4334 ,

330 4392 360 4446 et
382 4384 530 4442 dictorum
551 4373 787 4439 comestabilium
811 4379 842 4435 et
872 4375 1083 4434 massariorum
1113 4377 1443 4452 supranominatorum,
1476 4382 1644 4454 rogatusque

270 4521 301 4575 35
330 4497 470 4570 scribere,
490 4494 596 4572 scripsi
617 4498 647 4552 et
667 4493 698 4550 in
721 4490 799 4549 hanc
819 4487 970 4567 publicam
990 4487 1119 4548 formam
1138 4489 1252 4567 redegi,
1275 4497 1306 4549 et
1335 4489 1375 4548 ad
1405 4489 1498 4550 fidem
1527 4493 1641 4552 omnium
1695 4449 1696 4493 i

330 4612 533 4691 predictorum
553 4626 601 4667 me
622 4604 795 4682 subscripsi.

761 4767 1200 4798 w
