3464 5508
640 477 677 486 -
701 441 798 500 13..

124 625 235 686 XLII.
256 626 310 685 De
329 622 478 684 termino
499 623 613 684 dando
635 617 816 694 accusatis
839 615 1048 680 denuntiatis
1068 616 1123 677 vel
1145 612 1325 690 inquisitis.

123 797 212 856 Item
232 794 312 872 quod
331 794 512 854 castellanus
531 811 586 852 seu
605 791 735 852 vicarius
756 795 895 849 teneatur
915 787 988 848 dare
1018 787 1180 848 terminum
1213 784 1252 844 ad
1283 785 1383 845 minus

14 916 181 986 quatuor
202 909 319 969 dierum
339 911 486 982 accusato,
508 907 684 967 denuntiato
706 906 755 968 vel
774 905 924 982 inquisito,
947 901 986 962 ad
1000 923 1085 964 suam
1106 921 1249 962 excusam
1265 901 1315 962 vel
1335 900 1386 962 de-

14 1022 222 1085 fensionem
241 1023 420 1097 faciendam,
441 1027 473 1083 et
492 1023 566 1082 alias
588 1021 746 1083 dilationes
767 1027 797 1082 et
818 1021 962 1081 terminos
982 1022 1187 1098 competentes
1218 1023 1249 1080 et
1279 1019 1383 1092 iustos,

14 1142 80 1200 ita
104 1141 196 1218 quod
217 1141 340 1202 comode
361 1139 484 1201 defendi
504 1142 607 1219 possit.
628 1139 782 1200 Tenentur
806 1141 897 1200 etiam
920 1138 985 1198 dari
1015 1136 1115 1198 facere
1136 1137 1237 1216 copias
1267 1153 1384 1210 accuse,
1415 1155 1428 1211 5

14 1255 289 1318 denuntiationis
308 1257 358 1318 vel
378 1257 587 1334 inquisitionis,
601 1261 633 1317 et
646 1256 727 1333 quod
746 1257 893 1317 terminus
913 1253 971 1314 sibi
984 1273 1044 1313 non
1058 1255 1159 1312 currat
1180 1251 1276 1312 donec
1296 1249 1385 1310 detur

14 1372 100 1433 sibi
124 1375 225 1452 copia,
247 1375 273 1433 si
293 1393 349 1452 per
369 1393 439 1434 cum
459 1377 591 1451 petatur.

125 1553 253 1614 XLIII.
274 1554 329 1614 De
349 1550 457 1627 sopita
478 1549 610 1614 dandis

123 1723 209 1783 Item
229 1723 310 1800 quod
332 1722 370 1783 de
389 1720 527 1783 omnibus
547 1723 622 1782 actis
641 1726 672 1782 et
696 1721 825 1781 actitatis
856 1721 887 1780 in
918 1721 1001 1780 ouria
1030 1719 1174 1798 predicte,
1202 1718 1384 1779 castellanus

25 1846 191 1901 teneatur
209 1839 274 1900 dari
288 1841 339 1901 vel
353 1839 420 1899 dari
438 1838 538 1899 facere
552 1839 652 1917 copias
665 1837 847 1917 petentibus,
861 1842 924 1898 tam
939 1840 972 1898 in
985 1839 1066 1900 civili
1078 1858 1168 1915 quam
1180 1838 1213 1896 in
1227 1836 1382 1911 criminali,
1416 1845 1447 1886 10

26 1958 158 2017 salario
180 1957 259 2018 iusto
280 1961 315 2016 ut
333 1954 414 2015 infra
434 1959 563 2015 notatur.

128 2138 248 2198 XLIV.
269 2139 324 2199 De
344 2133 472 2198 salario
493 2133 755 2212 scripturarum.

128 2309 170 2368 In
190 2309 295 2386 primis
316 2306 396 2384 qnod
416 2307 550 2366 notarius
570 2327 625 2384 pro
645 2307 773 2384 simplici
793 2307 934 2366 oltatione
956 2306 1089 2385 recipiat,
1110 2327 1179 2368 oum
1193 2308 1284 2370 scribi
1300 2329 1383 2389 opor-

36 2430 135 2501 teret,
158 2425 299 2486 denarios
319 2425 403 2485 duos.
425 2426 505 2485 Item
534 2445 588 2504 pro
616 2426 744 2486 termino
770 2423 841 2484 dato
871 2425 903 2482 in
935 2423 1070 2486 favorem
1100 2427 1213 2504 partis,
1245 2425 1383 2488 denarios

38 2544 138 2603 duos.
172 2542 205 2601 si
235 2561 307 2602 vero
327 2541 359 2600 in
379 2539 515 2602 favorem
535 2541 691 2618 utriusque
716 2543 830 2620 partis,
863 2542 951 2602 detur
981 2542 1169 2602 tantumdem
1200 2563 1218 2602 a
1250 2540 1383 2620 qualibet
1415 2549 1443 2602 ¹5

40 2665 145 2739 parte.
176 2660 256 2719 Item
288 2679 343 2737 pro
373 2659 562 2719 accusatione
596 2660 782 2719 contumacia
818 2677 886 2719 cum
917 2659 1131 2738 protestatione
1163 2677 1382 2746 expensarum,

41 2778 190 2837 denarios
211 2776 295 2850 duos,
316 2776 343 2836 si
363 2776 428 2835 sine
442 2777 657 2853 protestatione
671 2775 754 2835 nihil.
775 2777 854 2836 Item
868 2797 922 2854 pro
942 2776 1154 2854 registrationc
1168 2795 1221 2836 seu
1236 2777 1384 2856 scriptura

43 2893 212 2972 petitionis,
235 2891 374 2952 denarios
394 2898 529 2967 quatuor.
551 2892 631 2951 Item
651 2911 705 2970 pro
736 2892 955 2952 contestatione
985 2892 1066 2966 litis,
1099 2889 1237 2953 denarios
1268 2891 1314 2954 VI
1344 2891 1383 2952 ab

45 3015 159 3083 actore,
181 3017 212 3068 et
232 3015 359 3086 quatuor
379 3027 398 3066 a
416 3026 477 3068 reo.
497 3007 576 3067 Item
595 3028 651 3086 pro
672 3006 806 3085 qualibet
830 3009 977 3087 positione
1008 3009 1167 3086 registrate
1193 3029 1211 3068 e
1242 3013 1382 3089 ponente,

47 3125 190 3184 denarios
221 3123 316 3199 ducs;
344 3144 398 3203 pro
428 3124 621 3200 responsione
653 3123 736 3182 nihil.
771 3123 832 3184 Pro
862 3125 948 3201 copia
978 3142 1049 3184 vero
1081 3143 1183 3184 earum
1205 3129 1272 3203 post
1302 3125 1381 3202 regi·
1411 3131 1445 3172 20

48 3239 243 3312 strationem,
276 3237 432 3298 deumium
463 3255 575 3313 unum3
607 3257 661 3316 pro
682 3239 807 3298 articulo
827 3238 1024 3298 tantumdem.
1052 3239 1131 3300 Item
1156 3260 1210 3318 pro
1241 3241 1382 3316 registra·

48 3357 131 3415 tione
151 3352 310 3414 cuiuslibet
328 3356 519 3414 instrumenti
533 3352 645 3432 publici
666 3360 697 3414 et
716 3375 770 3434 pro
791 3355 878 3432 copie
899 3355 999 3414 danda
1018 3357 1106 3435 parti,
1130 3355 1267 3416 denarios
1288 3357 1380 3430 VIII,

50 3471 115 3531 sive
134 3469 316 3548 producatur
336 3461 602 3548 adprobationem
623 3471 750 3548 negotii,
773 3472 837 3532 slve
858 3472 1115 3550 qualitercumque
1141 3473 1166 3532 si
1195 3476 1315 3551 petatur
1335 3491 1382 3533 re·

53 3586 181 3662 gistrari3
202 3584 228 3643 si
248 3588 348 3644 autem
370 3605 432 3644 non
452 3588 581 3663 petatur,
603 3585 680 3644 nihil
699 3585 834 3666 recipiat.

132 3763 227 3823 XLV.
248 3762 301 3823 De
321 3761 450 3825 salario
471 3762 763 3840 interloquutorle.
1411 3769 1441 3824 25

132 3933 206 3992 Item
226 3952 280 4011 pro
300 3921 556 4008 interloquutoria,
578 3952 637 4009 que
657 3932 754 3993 fertur
774 3932 813 3993 ob
833 3935 1049 3994 contumaciam
1081 3935 1206 3995 alicuius
1227 3937 1258 3995 in
1289 3954 1380 3996 cause

58 4051 135 4110 civili
160 4049 208 4109 vel
237 4050 402 4123 criminali,
433 4051 557 4129 recipiat
588 4050 726 4111 denarios
756 4050 837 4111 VIH
868 4072 887 4110 a
913 4057 999 4129 parte
1019 4073 1073 4130 pro
1099 4072 1158 4129 qua
1189 4053 1260 4112 data
1290 4057 1378 4127 esset,

63 4169 92 4223 et
109 4165 133 4224 si
151 4165 248 4240 aliqua
266 4166 397 4242 partium
418 4166 510 4226 vellet
530 4168 625 4244 ipsam
646 4165 849 4244 publicatam,
871 4169 921 4228 vel
941 4170 973 4228 in
1004 4167 1144 4246 publico,
1176 4170 1301 4247 recipiat
1333 4189 1380 4228 sc-

61 4280 131 4338 lidcs
150 4278 230 4339 duos.
252 4279 285 4339 Si
315 4299 387 4340 vero
418 4286 498 4340 esset
517 4283 666 4342 sententia
687 4281 865 4356 diffinitiva,
888 4285 953 4344 sive
973 4285 1005 4343 in
1025 4285 1105 4344 civili
1126 4285 1190 4344 sive
1217 4287 1248 4344 in
1280 4286 1378 4344 crimi-

64 4395 126 4469 nali,
144 4397 264 4474 recipiat
285 4396 418 4476 duplum,
439 4400 470 4458 in
490 4399 634 4478 predictis
654 4400 773 4461 casibus
805 4406 834 4460 et
865 4422 925 4461 non
957 4404 1034 4480 plus.
1066 4403 1105 4462 In
1136 4404 1201 4462 aliis
1233 4423 1304 4464 vero
1332 4422 1379 4462 ca·
1410 4416 1443 4470 30

65 4509 153 4585 sibus,
173 4511 327 4590 scripturis
347 4511 485 4573 civilibus
505 4517 536 4574 et
555 4514 761 4576 criminalibus
783 4516 863 4577 dicte
884 4519 966 4576 curie
987 4537 1044 4594 que
1066 4523 1243 4591 occurrent,
1273 4519 1378 4577 castel-

66 4630 141 4690 lanus
158 4629 203 4690 vel
224 4629 353 4690 vicarius
380 4629 490 4690 habeat
520 4631 816 4710 interpretationem,
848 4635 1033 4694 taxationem
1054 4638 1084 4695 et
1114 4632 1377 4708 modificationem,

67 4746 183 4824 inspecta
202 4744 410 4825 magnitudine
430 4753 461 4808 et
480 4748 629 4825 parvitate
648 4749 805 4827 scripture,
827 4752 859 4810 et
877 4749 1020 4826 qualitate
1037 4751 1067 4809 et
1081 4750 1248 4827 quantitate
1262 4751 1377 4828 negotii
