<?xml version="1.0" encoding="UTF-8"?>
<!DOCTYPE html PUBLIC "-//W3C//DTD XHTML 1.0 Transitional//EN"
    "http://www.w3.org/TR/xhtml1/DTD/xhtml1-transitional.dtd">
<html xmlns="http://www.w3.org/1999/xhtml" xml:lang="en" lang="en">
 <head>
  <title>
</title>
<meta http-equiv="Content-Type" content="text/html;charset=utf-8" />
  <meta name='ocr-system' content='tesseract 3.04.00' />
  <meta name='ocr-capabilities' content='ocr_page ocr_carea ocr_par ocr_line ocrx_word'/>
</head>
<body>
  <div class='ocr_page' id='page_1' title='image "./statutidiolevan00mantgoog_0082.png"; bbox 0 0 3464 5508; ppageno 0'>
   <div class='ocr_carea' id='block_1_1' title="bbox 363 437 1689 870">
    <p class='ocr_par' dir='ltr' id='par_1_1' title="bbox 363 437 1689 870">
     <span class='ocr_line' id='line_1_1' title="bbox 942 437 1101 496; baseline 0.013 -14"><span class='ocrx_word' id='word_1_1' title='bbox 942 471 980 482; x_wconf 84' lang='lat'>-</span> <span class='ocrx_word' id='word_1_2' title='bbox 1002 437 1042 496; x_wconf 81' lang='lat'><strong>38</strong></span> <span class='ocrx_word' id='word_1_3' title='bbox 1062 473 1101 484; x_wconf 83' lang='lat'>-</span> 
     </span>
     <span class='ocr_line' id='line_1_2' title="bbox 363 545 1682 632; baseline 0.014 -30"><span class='ocrx_word' id='word_1_4' title='bbox 363 547 469 616; x_wconf 87' lang='lat' dir='ltr'><strong>strum,</strong></span> <span class='ocrx_word' id='word_1_5' title='bbox 490 563 525 604; x_wconf 89' lang='lat' dir='ltr'><strong>ac</strong></span> <span class='ocrx_word' id='word_1_6' title='bbox 545 545 688 606; x_wconf 83' lang='lat' dir='ltr'>honorem</span> <span class='ocrx_word' id='word_1_7' title='bbox 709 553 871 610; x_wconf 85' lang='grc'>0101010111</span> <span class='ocrx_word' id='word_1_8' title='bbox 891 550 992 625; x_wconf 82' lang='lat' dir='ltr'>Urbis,</span> <span class='ocrx_word' id='word_1_9' title='bbox 1014 556 1044 612; x_wconf 88' lang='lat' dir='ltr'><strong>et</strong></span> <span class='ocrx_word' id='word_1_10' title='bbox 1064 557 1214 632; x_wconf 88' lang='lat' dir='ltr'><strong>presentis</strong></span> <span class='ocrx_word' id='word_1_11' title='bbox 1228 561 1392 618; x_wconf 83' lang='grc'>0111100000</span> <span class='ocrx_word' id='word_1_12' title='bbox 1407 579 1530 621; x_wconf 88' lang='lat' dir='ltr'><strong>camere</strong></span> <span class='ocrx_word' id='word_1_13' title='bbox 1543 559 1632 620; x_wconf 88' lang='lat' dir='ltr'><strong>Urbis</strong></span> <span class='ocrx_word' id='word_1_14' title='bbox 1643 565 1682 620; x_wconf 80' lang='lat' dir='ltr'><strong>rel</strong></span> 
     </span>
     <span class='ocr_line' id='line_1_3' title="bbox 365 661 1689 746; baseline 0.014 -28"><span class='ocrx_word' id='word_1_15' title='bbox 365 662 485 720; x_wconf 82' lang='lat' dir='ltr'><strong>contra</strong></span> <span class='ocrx_word' id='word_1_16' title='bbox 507 677 596 721; x_wconf 86' lang='lat' dir='ltr'><strong>nova</strong></span> <span class='ocrx_word' id='word_1_17' title='bbox 618 661 752 723; x_wconf 87' lang='lat' dir='ltr'><strong>Statuta</strong></span> <span class='ocrx_word' id='word_1_18' title='bbox 773 665 877 726; x_wconf 85' lang='lat' dir='ltr'>Urbis</span> <span class='ocrx_word' id='word_1_19' title='bbox 898 665 1045 743; x_wconf 86' lang='lat' dir='ltr'><strong>condita,</strong></span> <span class='ocrx_word' id='word_1_20' title='bbox 1067 671 1251 746; x_wconf 80' lang='lat' dir='ltr'><strong>sentienda,</strong></span> <span class='ocrx_word' id='word_1_21' title='bbox 1272 693 1327 734; x_wconf 86' lang='lat' dir='ltr'><strong>seu</strong></span> <span class='ocrx_word' id='word_1_22' title='bbox 1351 674 1585 736; x_wconf 77' lang='lat' dir='ltr'><strong>reformationes</strong></span> <span class='ocrx_word' id='word_1_23' title='bbox 1606 676 1689 746; x_wconf 40' lang='lat' dir='ltr'><strong>Urbis,</strong></span> 
     </span>
     <span class='ocr_line' id='line_1_4' title="bbox 364 773 1683 870; baseline 0.011 -35"><span class='ocrx_word' id='word_1_24' title='bbox 364 773 460 836; x_wconf 82' lang='lat' dir='ltr'><strong>iactas</strong></span> <span class='ocrx_word' id='word_1_25' title='bbox 481 785 512 838; x_wconf 89' lang='lat' dir='ltr'><strong>et</strong></span> <span class='ocrx_word' id='word_1_26' title='bbox 531 779 655 854; x_wconf 87' lang='lat' dir='ltr'><strong>fiendas,</strong></span> <span class='ocrx_word' id='word_1_27' title='bbox 676 781 756 857; x_wconf 90' lang='lat' dir='ltr'><strong>quod</strong></span> <span class='ocrx_word' id='word_1_28' title='bbox 776 781 928 859; x_wconf 86' lang='lat' dir='ltr'><strong>predictas</strong></span> <span class='ocrx_word' id='word_1_29' title='bbox 951 804 1009 861; x_wconf 91' lang='lat' dir='ltr'><strong>que</strong></span> <span class='ocrx_word' id='word_1_30' title='bbox 1029 787 1073 846; x_wconf 91' lang='lat' dir='ltr'><strong>sic</strong></span> <span class='ocrx_word' id='word_1_31' title='bbox 1093 793 1195 847; x_wconf 87' lang='lat' dir='ltr'><strong>assent</strong></span> <span class='ocrx_word' id='word_1_32' title='bbox 1215 797 1319 850; x_wconf 89' lang='lat' dir='ltr'><strong>contra</strong></span> <span class='ocrx_word' id='word_1_33' title='bbox 1338 797 1373 850; x_wconf 90' lang='grc'><strong>01</strong></span> <span class='ocrx_word' id='word_1_34' title='bbox 1391 793 1616 870; x_wconf 88' lang='lat' dir='ltr'><strong>supradictum</strong></span> <span class='ocrx_word' id='word_1_35' title='bbox 1640 799 1683 864; x_wconf 82' lang='lat' dir='ltr'><strong>est,</strong></span> 
     </span>
    </p>
   </div>
   <div class='ocr_carea' id='block_1_2' title="bbox 324 895 1684 1090">
    <p class='ocr_par' dir='ltr' id='par_1_2' title="bbox 324 895 1684 1090">
     <span class='ocr_line' id='line_1_5' title="bbox 365 895 1684 986; baseline 0.011 -33"><span class='ocrx_word' id='word_1_36' title='bbox 365 913 425 954; x_wconf 89' lang='grc'><strong>000</strong></span> <span class='ocrx_word' id='word_1_37' title='bbox 445 895 567 955; x_wconf 84' lang='lat' dir='ltr'><strong>valeant</strong></span> <span class='ocrx_word' id='word_1_38' title='bbox 587 916 684 972; x_wconf 89' lang='lat' dir='ltr'><strong>neque</strong></span> <span class='ocrx_word' id='word_1_39' title='bbox 705 901 836 973; x_wconf 87' lang='lat' dir='ltr'><strong>teneant,</strong></span> <span class='ocrx_word' id='word_1_40' title='bbox 851 919 949 978; x_wconf 87' lang='lat' dir='ltr'><strong>neque</strong></span> <span class='ocrx_word' id='word_1_41' title='bbox 968 921 1095 980; x_wconf 82' lang='lat' dir='ltr'><strong>presens</strong></span> <span class='ocrx_word' id='word_1_42' title='bbox 1115 904 1301 966; x_wconf 88' lang='lat' dir='ltr'><strong>confirmatio</strong></span> <span class='ocrx_word' id='word_1_43' title='bbox 1313 907 1351 966; x_wconf 84' lang='lat' dir='ltr'><strong>ad</strong></span> <span class='ocrx_word' id='word_1_44' title='bbox 1365 909 1432 986; x_wconf 90' lang='lat' dir='ltr'><strong>ipsa</strong></span> <span class='ocrx_word' id='word_1_45' title='bbox 1445 908 1630 968; x_wconf 85' lang='lat' dir='ltr'><strong>extendatur</strong></span> <span class='ocrx_word' id='word_1_46' title='bbox 1642 929 1684 968; x_wconf 87' lang='lat' dir='ltr'><strong>seu</strong></span> 
     </span>
     <span class='ocr_line' id='line_1_6' title="bbox 324 1011 718 1090; baseline 0.013 -21"><span class='ocrx_word' id='word_1_47' title='bbox 324 1037 336 1090; x_wconf 84' lang='lat'><em>5</em></span> <span class='ocrx_word' id='word_1_48' title='bbox 365 1012 396 1070; x_wconf 92' lang='lat' dir='ltr'><strong>in</strong></span> <span class='ocrx_word' id='word_1_49' title='bbox 417 1011 461 1071; x_wconf 89' lang='lat' dir='ltr'><strong>eis</strong></span> <span class='ocrx_word' id='word_1_50' title='bbox 481 1012 580 1072; x_wconf 88' lang='lat' dir='ltr'><strong>locum</strong></span> <span class='ocrx_word' id='word_1_51' title='bbox 599 1012 718 1074; x_wconf 85' lang='lat' dir='ltr'><strong>hebeat.</strong></span> 
     </span>
    </p>
   </div>
   <div class='ocr_carea' id='block_1_3' title="bbox 446 1189 1383 1270">
    <p class='ocr_par' dir='ltr' id='par_1_3' title="bbox 446 1189 1383 1270">
     <span class='ocr_line' id='line_1_7' title="bbox 446 1189 1383 1270; baseline 0.013 -19"><span class='ocrx_word' id='word_1_52' title='bbox 446 1189 619 1252; x_wconf 79' lang='lat' dir='ltr'>CXLVIII.</span> <span class='ocrx_word' id='word_1_53' title='bbox 640 1192 852 1270; x_wconf 85' lang='lat' dir='ltr'><strong>Subscriptio</strong></span> <span class='ocrx_word' id='word_1_54' title='bbox 874 1193 942 1256; x_wconf 90' lang='lat' dir='ltr'><strong>loci</strong></span> <span class='ocrx_word' id='word_1_55' title='bbox 963 1195 1145 1258; x_wconf 79' lang='lat' dir='ltr'><strong>residentis</strong></span> <span class='ocrx_word' id='word_1_56' title='bbox 1166 1201 1383 1262; x_wconf 83' lang='lat' dir='ltr'><strong>Senatorum.</strong></span> 
     </span>
    </p>
   </div>
   <div class='ocr_carea' id='block_1_4' title="bbox 362 1361 1685 1672">
    <p class='ocr_par' dir='ltr' id='par_1_4' title="bbox 362 1361 1685 1672">
     <span class='ocr_line' id='line_1_8' title="bbox 445 1361 1685 1442; baseline 0.009 -24"><span class='ocrx_word' id='word_1_57' title='bbox 445 1361 557 1420; x_wconf 87' lang='lat' dir='ltr'><strong>Actum</strong></span> <span class='ocrx_word' id='word_1_58' title='bbox 578 1363 609 1420; x_wconf 90' lang='lat' dir='ltr'><strong>in</strong></span> <span class='ocrx_word' id='word_1_59' title='bbox 641 1364 751 1440; x_wconf 85' lang='lat' dir='ltr'><strong>palatio</strong></span> <span class='ocrx_word' id='word_1_60' title='bbox 781 1362 939 1442; x_wconf 82' lang='lat' dir='ltr'><strong>Capitolii,</strong></span> <span class='ocrx_word' id='word_1_61' title='bbox 960 1365 1017 1425; x_wconf 89' lang='lat' dir='ltr'><strong>sub</strong></span> <span class='ocrx_word' id='word_1_62' title='bbox 1047 1386 1126 1427; x_wconf 88' lang='lat' dir='ltr'><strong>anno</strong></span> <span class='ocrx_word' id='word_1_63' title='bbox 1158 1367 1271 1428; x_wconf 91' lang='lat' dir='ltr'><strong>domini</strong></span> <span class='ocrx_word' id='word_1_64' title='bbox 1301 1370 1460 1430; x_wconf 88' lang='lat' dir='ltr'><strong>millesimo</strong></span> <span class='ocrx_word' id='word_1_65' title='bbox 1494 1372 1685 1431; x_wconf 88' lang='lat' dir='ltr'><strong>tricentesimo</strong></span> 
     </span>
     <span class='ocr_line' id='line_1_9' title="bbox 362 1478 1684 1566; baseline 0.008 -32"><span class='ocrx_word' id='word_1_66' title='bbox 362 1478 666 1554; x_wconf 82' lang='lat' dir='ltr'><strong>sexagesimoquarto,</strong></span> <span class='ocrx_word' id='word_1_67' title='bbox 688 1479 879 1558; x_wconf 88' lang='lat' dir='ltr'><strong>pontificatus</strong></span> <span class='ocrx_word' id='word_1_68' title='bbox 901 1481 1013 1542; x_wconf 89' lang='lat' dir='ltr'><strong>domini</strong></span> <span class='ocrx_word' id='word_1_69' title='bbox 1032 1483 1149 1542; x_wconf 84' lang='lat' dir='ltr'><strong>Urbani</strong></span> <span class='ocrx_word' id='word_1_70' title='bbox 1169 1504 1247 1563; x_wconf 87' lang='lat' dir='ltr'><strong>pape</strong></span> <span class='ocrx_word' id='word_1_71' title='bbox 1268 1488 1365 1562; x_wconf 89' lang='lat' dir='ltr'><strong>quinti</strong></span> <span class='ocrx_word' id='word_1_72' title='bbox 1415 1491 1556 1566; x_wconf 87' lang='lat' dir='ltr'><strong>tempore</strong></span> <span class='ocrx_word' id='word_1_73' title='bbox 1588 1487 1684 1546; x_wconf 89' lang='lat' dir='ltr'><strong>domini</strong></span> 
     </span>
     <span class='ocr_line' id='line_1_10' title="bbox 363 1593 1446 1672; baseline 0.007 -20"><span class='ocrx_word' id='word_1_74' title='bbox 363 1595 510 1654; x_wconf 86' lang='lat' dir='ltr'><strong>senatoris</strong></span> <span class='ocrx_word' id='word_1_75' title='bbox 530 1593 666 1671; x_wconf 89' lang='lat' dir='ltr'><strong>predicti,</strong></span> <span class='ocrx_word' id='word_1_76' title='bbox 686 1595 848 1656; x_wconf 74' lang='lat' dir='ltr'><strong>indictione</strong></span> <span class='ocrx_word' id='word_1_77' title='bbox 868 1599 1010 1672; x_wconf 87' lang='lat' dir='ltr'><strong>secunda,</strong></span> <span class='ocrx_word' id='word_1_78' title='bbox 1032 1619 1135 1661; x_wconf 86' lang='lat' dir='ltr'><strong>mense</strong></span> <span class='ocrx_word' id='word_1_79' title='bbox 1156 1601 1283 1660; x_wconf 90' lang='lat' dir='ltr'><strong>ianuarii</strong></span> <span class='ocrx_word' id='word_1_80' title='bbox 1305 1602 1353 1662; x_wconf 89' lang='lat' dir='ltr'><strong>die</strong></span> <span class='ocrx_word' id='word_1_81' title='bbox 1374 1603 1446 1664; x_wconf 90' lang='lat' dir='ltr'><strong>XV.</strong></span> 
     </span>
    </p>
   </div>
   <div class='ocr_carea' id='block_1_5' title="bbox 306 1772 1310 1850">
    <p class='ocr_par' dir='ltr' id='par_1_5' title="bbox 306 1772 1310 1850">
     <span class='ocr_line' id='line_1_11' title="bbox 306 1772 1310 1850; baseline 0.008 -18"><span class='ocrx_word' id='word_1_82' title='bbox 306 1805 337 1844; x_wconf 74' lang='lat'><strong>10</strong></span> <span class='ocrx_word' id='word_1_83' title='bbox 443 1772 585 1834; x_wconf 81' lang='lat' dir='ltr'>CXLIX.</span> <span class='ocrx_word' id='word_1_84' title='bbox 609 1772 819 1850; x_wconf 85' lang='lat' dir='ltr'><strong>Subscriptio</strong></span> <span class='ocrx_word' id='word_1_85' title='bbox 841 1775 1073 1837; x_wconf 74' lang='lat' dir='ltr'><strong>protonotarii</strong></span> <span class='ocrx_word' id='word_1_86' title='bbox 1094 1778 1310 1840; x_wconf 88' lang='lat' dir='ltr'><strong>Senatorum.</strong></span> 
     </span>
    </p>
   </div>
   <div class='ocr_carea' id='block_1_6' title="bbox 363 1941 1679 2144">
    <p class='ocr_par' dir='ltr' id='par_1_6' title="bbox 363 1941 1679 2144">
     <span class='ocr_line' id='line_1_12' title="bbox 443 1941 1679 2027; baseline -0.002 -23"><span class='ocrx_word' id='word_1_87' title='bbox 443 1941 562 2023; x_wconf 77' lang='lat' dir='ltr'><strong>Scripta</strong></span> <span class='ocrx_word' id='word_1_88' title='bbox 583 1965 704 2023; x_wconf 87' lang='lat' dir='ltr'><strong>parma</strong></span> <span class='ocrx_word' id='word_1_89' title='bbox 735 1946 900 2006; x_wconf 84' lang='lat' dir='ltr'><strong>Iohannem</strong></span> <span class='ocrx_word' id='word_1_90' title='bbox 930 1946 1055 2006; x_wconf 84' lang='lat' dir='ltr'><strong>Andree</strong></span> <span class='ocrx_word' id='word_1_91' title='bbox 1086 1947 1124 2007; x_wconf 90' lang='grc'><strong>(10</strong></span> <span class='ocrx_word' id='word_1_92' title='bbox 1155 1947 1301 2025; x_wconf 82' lang='lat' dir='ltr'><strong>Oagnano</strong></span> <span class='ocrx_word' id='word_1_93' title='bbox 1330 1951 1389 2010; x_wconf 89' lang='lat' dir='ltr'><strong>Dei</strong></span> <span class='ocrx_word' id='word_1_94' title='bbox 1418 1953 1520 2027; x_wconf 82' lang='lat' dir='ltr'><strong>gratia</strong></span> <span class='ocrx_word' id='word_1_95' title='bbox 1550 1948 1679 2026; x_wconf 86' lang='lat' dir='ltr'><strong>imperiali</strong></span> 
     </span>
     <span class='ocr_line' id='line_1_13' title="bbox 363 2063 1678 2144; baseline 0 -24"><span class='ocrx_word' id='word_1_96' title='bbox 363 2065 540 2122; x_wconf 86' lang='lat' dir='ltr'><strong>auctoritate</strong></span> <span class='ocrx_word' id='word_1_97' title='bbox 561 2065 718 2136; x_wconf 87' lang='lat' dir='ltr'><strong>notarium,</strong></span> <span class='ocrx_word' id='word_1_98' title='bbox 741 2072 770 2122; x_wconf 90' lang='lat' dir='ltr'><strong>et</strong></span> <span class='ocrx_word' id='word_1_99' title='bbox 790 2082 871 2122; x_wconf 91' lang='lat' dir='ltr'><strong>nunc</strong></span> <span class='ocrx_word' id='word_1_100' title='bbox 891 2063 1133 2127; x_wconf 88' lang='lat' dir='ltr'><strong>Proionotarium</strong></span> <span class='ocrx_word' id='word_1_101' title='bbox 1154 2064 1227 2124; x_wconf 89' lang='lat' dir='ltr'><strong>dicti</strong></span> <span class='ocrx_word' id='word_1_102' title='bbox 1248 2065 1361 2124; x_wconf 90' lang='lat' dir='ltr'><strong>domini</strong></span> <span class='ocrx_word' id='word_1_103' title='bbox 1382 2067 1539 2126; x_wconf 88' lang='lat' dir='ltr'><strong>Senatoris</strong></span> <span class='ocrx_word' id='word_1_104' title='bbox 1560 2086 1613 2144; x_wconf 88' lang='lat' dir='ltr'><strong>per</strong></span> <span class='ocrx_word' id='word_1_105' title='bbox 1640 2082 1678 2139; x_wconf 88' lang='lat' dir='ltr'><strong>ge·</strong></span> 
     </span>
    </p>
   </div>
   <div class='ocr_carea' id='block_1_7' title="bbox 362 2179 1494 2257">
    <p class='ocr_par' dir='ltr' id='par_1_7' title="bbox 362 2179 1494 2257">
     <span class='ocr_line' id='line_1_14' title="bbox 362 2179 1494 2257; baseline 0.004 -19"><span class='ocrx_word' id='word_1_106' title='bbox 362 2181 463 2239; x_wconf 89' lang='lat' dir='ltr'><strong>nerale</strong></span> <span class='ocrx_word' id='word_1_107' title='bbox 485 2179 650 2239; x_wconf 80' lang='lat' dir='ltr'><strong>Consilium</strong></span> <span class='ocrx_word' id='word_1_108' title='bbox 672 2179 856 2257; x_wconf 86' lang='lat' dir='ltr'><strong>deputatum,</strong></span> <span class='ocrx_word' id='word_1_109' title='bbox 880 2181 1080 2240; x_wconf 88' lang='lat' dir='ltr'><strong>demandato</strong></span> <span class='ocrx_word' id='word_1_110' title='bbox 1102 2181 1174 2240; x_wconf 91' lang='lat' dir='ltr'><strong>dicti</strong></span> <span class='ocrx_word' id='word_1_111' title='bbox 1197 2182 1309 2241; x_wconf 90' lang='lat' dir='ltr'><strong>domini</strong></span> <span class='ocrx_word' id='word_1_112' title='bbox 1330 2182 1494 2243; x_wconf 73' lang='grc'>0001110110.</span> 
     </span>
    </p>
   </div>
   <div class='ocr_carea' id='block_1_8' title="bbox 860 2424 1206 2480">
    <p class='ocr_par' dir='ltr' id='par_1_8' title="bbox 860 2424 1206 2480">
     <span class='ocr_line' id='line_1_15' title="bbox 860 2424 1206 2480; baseline 0.009 -49"><span class='ocrx_word' id='word_1_113' title='bbox 860 2424 914 2444; x_wconf 79' lang='grc'><strong>,-</strong></span> <span class='ocrx_word' id='word_1_114' title='bbox 1001 2424 1206 2480; x_wconf 39' lang='lat' dir='ltr'><strong>ww</strong></span> 
     </span>
    </p>
   </div>
   <div class='ocr_carea' id='block_1_9' title="bbox 584 2636 1467 2775">
    <p class='ocr_par' dir='ltr' id='par_1_9' title="bbox 584 2636 1467 2775">
     <span class='ocr_line' id='line_1_16' title="bbox 584 2636 1467 2775; baseline 0.005 -23"><span class='ocrx_word' id='word_1_115' title='bbox 584 2637 795 2752; x_wconf 80' lang='lat' dir='ltr'><strong>Riiorna</strong></span> <span class='ocrx_word' id='word_1_116' title='bbox 832 2671 888 2751; x_wconf 89' lang='lat' dir='ltr'><strong>su</strong></span> <span class='ocrx_word' id='word_1_117' title='bbox 924 2638 941 2750; x_wconf 87' lang='lat' dir='ltr'><strong>i</strong></span> <span class='ocrx_word' id='word_1_118' title='bbox 979 2637 1124 2753; x_wconf 82' lang='lat' dir='ltr'><strong>tenni</strong></span> <span class='ocrx_word' id='word_1_119' title='bbox 1162 2638 1267 2754; x_wconf 79' lang='lat' dir='ltr'><strong>dau</strong></span> <span class='ocrx_word' id='word_1_120' title='bbox 1305 2636 1467 2775; x_wconf 79' lang='lat'><strong>(1430)</strong></span> 
     </span>
    </p>
   </div>
   <div class='ocr_carea' id='block_1_10' title="bbox 304 2866 1673 3046">
    <p class='ocr_par' dir='ltr' id='par_1_10' title="bbox 304 2866 1673 3046">
     <span class='ocr_line' id='line_1_17' title="bbox 304 2866 1673 2955; baseline -0.006 -25"><span class='ocrx_word' id='word_1_121' title='bbox 304 2901 334 2955; x_wconf 85' lang='lat'><strong>15</strong></span> <span class='ocrx_word' id='word_1_122' title='bbox 443 2869 627 2930; x_wconf 87' lang='lat' dir='ltr'><strong>Concessio</strong></span> <span class='ocrx_word' id='word_1_123' title='bbox 650 2867 905 2930; x_wconf 86' lang='lat' dir='ltr'><strong>deliberationis</strong></span> <span class='ocrx_word' id='word_1_124' title='bbox 927 2872 959 2928; x_wconf 90' lang='lat' dir='ltr'><strong>et</strong></span> <span class='ocrx_word' id='word_1_125' title='bbox 979 2866 1237 2929; x_wconf 87' lang='lat' dir='ltr'><strong>reformationis</strong></span> <span class='ocrx_word' id='word_1_126' title='bbox 1257 2885 1278 2928; x_wconf 90' lang='lat' dir='ltr'><strong>a</strong></span> <span class='ocrx_word' id='word_1_127' title='bbox 1300 2867 1450 2930; x_wconf 87' lang='lat' dir='ltr'><strong>dominis</strong></span> <span class='ocrx_word' id='word_1_128' title='bbox 1465 2870 1506 2929; x_wconf 87' lang='lat' dir='ltr'><strong>de</strong></span> <span class='ocrx_word' id='word_1_129' title='bbox 1521 2869 1673 2929; x_wconf 87' lang='lat' dir='ltr'><strong>Columna</strong></span> 
     </span>
     <span class='ocr_line' id='line_1_18' title="bbox 362 2983 755 3046; baseline -0.01 0"><span class='ocrx_word' id='word_1_130' title='bbox 362 2984 585 3046; x_wconf 89' lang='lat' dir='ltr'><strong>Universitati</strong></span> <span class='ocrx_word' id='word_1_131' title='bbox 607 2983 755 3046; x_wconf 86' lang='lat' dir='ltr'><strong>Olibani.</strong></span> 
     </span>
    </p>
   </div>
   <div class='ocr_carea' id='block_1_11' title="bbox 300 3117 1673 4828">
    <p class='ocr_par' dir='ltr' id='par_1_11' title="bbox 361 3117 1673 3427">
     <span class='ocr_line' id='line_1_19' title="bbox 441 3117 1673 3196; baseline -0.006 -19"><span class='ocrx_word' id='word_1_132' title='bbox 441 3120 479 3177; x_wconf 87' lang='lat' dir='ltr'><strong>In</strong></span> <span class='ocrx_word' id='word_1_133' title='bbox 500 3120 619 3177; x_wconf 89' lang='lat' dir='ltr'><strong>nomine</strong></span> <span class='ocrx_word' id='word_1_134' title='bbox 642 3118 753 3176; x_wconf 89' lang='lat' dir='ltr'><strong>domini</strong></span> <span class='ocrx_word' id='word_1_135' title='bbox 774 3118 882 3177; x_wconf 82' lang='lat' dir='ltr'><strong>Arnen.</strong></span> <span class='ocrx_word' id='word_1_136' title='bbox 904 3118 994 3178; x_wconf 86' lang='lat' dir='ltr'><strong>Anno</strong></span> <span class='ocrx_word' id='word_1_137' title='bbox 1017 3118 1129 3177; x_wconf 87' lang='lat' dir='ltr'><strong>domini</strong></span> <span class='ocrx_word' id='word_1_138' title='bbox 1150 3120 1305 3178; x_wconf 90' lang='lat' dir='ltr'><strong>millesimo</strong></span> <span class='ocrx_word' id='word_1_139' title='bbox 1327 3120 1620 3196; x_wconf 85' lang='lat' dir='ltr'><strong>quadringentesimo</strong></span> <span class='ocrx_word' id='word_1_140' title='bbox 1635 3117 1673 3172; x_wconf 89' lang='lat' dir='ltr'><strong>tri·</strong></span> 
     </span>
     <span class='ocr_line' id='line_1_20' title="bbox 363 3227 1672 3310; baseline -0.007 -17"><span class='ocrx_word' id='word_1_141' title='bbox 363 3235 488 3310; x_wconf 85' lang='lat' dir='ltr'><strong>gesimo,</strong></span> <span class='ocrx_word' id='word_1_142' title='bbox 510 3233 701 3309; x_wconf 85' lang='lat' dir='ltr'><strong>pontificatus</strong></span> <span class='ocrx_word' id='word_1_143' title='bbox 722 3233 902 3291; x_wconf 81' lang='lat' dir='ltr'><strong>sanctissimi</strong></span> <span class='ocrx_word' id='word_1_144' title='bbox 922 3235 955 3291; x_wconf 91' lang='lat' dir='ltr'><strong>in</strong></span> <span class='ocrx_word' id='word_1_145' title='bbox 976 3231 1094 3291; x_wconf 82' lang='lat' dir='ltr'><strong>Christo</strong></span> <span class='ocrx_word' id='word_1_146' title='bbox 1125 3234 1219 3310; x_wconf 88' lang='lat' dir='ltr'><strong>patris</strong></span> <span class='ocrx_word' id='word_1_147' title='bbox 1250 3237 1281 3292; x_wconf 91' lang='lat' dir='ltr'><strong>et</strong></span> <span class='ocrx_word' id='word_1_148' title='bbox 1312 3232 1425 3292; x_wconf 91' lang='lat' dir='ltr'><strong>domini</strong></span> <span class='ocrx_word' id='word_1_149' title='bbox 1455 3235 1549 3292; x_wconf 90' lang='lat' dir='ltr'><strong>nostri</strong></span> <span class='ocrx_word' id='word_1_150' title='bbox 1580 3227 1672 3290; x_wconf 89' lang='lat' dir='ltr'><strong>domini</strong></span> 
     </span>
     <span class='ocr_line' id='line_1_21' title="bbox 361 3343 1672 3427; baseline 0.002 -17"><span class='ocrx_word' id='word_1_151' title='bbox 361 3353 484 3410; x_wconf 88' lang='lat' dir='ltr'><strong>Martini</strong></span> <span class='ocrx_word' id='word_1_152' title='bbox 516 3350 618 3408; x_wconf 88' lang='lat' dir='ltr'><strong>divina</strong></span> <span class='ocrx_word' id='word_1_153' title='bbox 638 3348 826 3426; x_wconf 90' lang='lat' dir='ltr'><strong>providentia</strong></span> <span class='ocrx_word' id='word_1_154' title='bbox 846 3368 923 3427; x_wconf 88' lang='lat' dir='ltr'><strong>pape</strong></span> <span class='ocrx_word' id='word_1_155' title='bbox 945 3350 1059 3425; x_wconf 88' lang='lat' dir='ltr'><strong>quinti,</strong></span> <span class='ocrx_word' id='word_1_156' title='bbox 1082 3369 1160 3409; x_wconf 88' lang='lat' dir='ltr'><strong>anno</strong></span> <span class='ocrx_word' id='word_1_157' title='bbox 1188 3351 1252 3408; x_wconf 89' lang='lat' dir='ltr'><strong>eius</strong></span> <span class='ocrx_word' id='word_1_158' title='bbox 1272 3349 1375 3423; x_wconf 86' lang='lat' dir='ltr'><strong>XHI,</strong></span> <span class='ocrx_word' id='word_1_159' title='bbox 1407 3349 1569 3408; x_wconf 82' lang='lat' dir='ltr'><strong>indictione</strong></span> <span class='ocrx_word' id='word_1_160' title='bbox 1598 3343 1672 3412; x_wconf 77' lang='lat' dir='ltr'><strong>vffl,</strong></span> 
     </span>
    </p>

    <p class='ocr_par' dir='ltr' id='par_1_12' title="bbox 302 3465 1673 4020">
     <span class='ocr_line' id='line_1_22' title="bbox 302 3465 1672 3544; baseline -0.012 -11"><span class='ocrx_word' id='word_1_161' title='bbox 302 3497 335 3538; x_wconf 88' lang='lat'><strong>20</strong></span> <span class='ocrx_word' id='word_1_162' title='bbox 362 3472 472 3530; x_wconf 87' lang='lat' dir='ltr'><strong>mensis</strong></span> <span class='ocrx_word' id='word_1_163' title='bbox 494 3466 661 3527; x_wconf 88' lang='lat' dir='ltr'><strong>decembris</strong></span> <span class='ocrx_word' id='word_1_164' title='bbox 684 3468 731 3526; x_wconf 91' lang='grc'>(110</span> <span class='ocrx_word' id='word_1_165' title='bbox 753 3467 823 3526; x_wconf 85' lang='lat' dir='ltr'><strong>XV.</strong></span> <span class='ocrx_word' id='word_1_166' title='bbox 844 3467 883 3525; x_wconf 90' lang='lat' dir='ltr'><strong>In</strong></span> <span class='ocrx_word' id='word_1_167' title='bbox 904 3467 1054 3544; x_wconf 90' lang='lat' dir='ltr'><strong>presentia</strong></span> <span class='ocrx_word' id='word_1_168' title='bbox 1076 3467 1135 3524; x_wconf 89' lang='lat' dir='ltr'><strong>mei</strong></span> <span class='ocrx_word' id='word_1_169' title='bbox 1155 3466 1263 3524; x_wconf 87' lang='lat' dir='ltr'><strong>notarii</strong></span> <span class='ocrx_word' id='word_1_170' title='bbox 1277 3470 1307 3524; x_wconf 91' lang='lat' dir='ltr'><strong>et</strong></span> <span class='ocrx_word' id='word_1_171' title='bbox 1321 3466 1443 3524; x_wconf 88' lang='lat' dir='ltr'><strong>testium</strong></span> <span class='ocrx_word' id='word_1_172' title='bbox 1457 3465 1672 3542; x_wconf 87' lang='lat' dir='ltr'><strong>subscriptorum</strong></span> 
     </span>
     <span class='ocr_line' id='line_1_23' title="bbox 362 3580 1673 3662; baseline -0.008 -16"><span class='ocrx_word' id='word_1_173' title='bbox 362 3588 401 3646; x_wconf 90' lang='lat' dir='ltr'><strong>ad</strong></span> <span class='ocrx_word' id='word_1_174' title='bbox 421 3588 477 3645; x_wconf 89' lang='lat' dir='ltr'><strong>hec</strong></span> <span class='ocrx_word' id='word_1_175' title='bbox 498 3586 668 3662; x_wconf 85' lang='lat' dir='ltr'><strong>specialiter</strong></span> <span class='ocrx_word' id='word_1_176' title='bbox 688 3589 860 3644; x_wconf 87' lang='lat' dir='ltr'><strong>vocatorum</strong></span> <span class='ocrx_word' id='word_1_177' title='bbox 882 3591 912 3641; x_wconf 89' lang='grc'><strong>01</strong></span> <span class='ocrx_word' id='word_1_178' title='bbox 932 3588 1114 3660; x_wconf 82' lang='lat' dir='ltr'><strong>rogatorum,</strong></span> <span class='ocrx_word' id='word_1_179' title='bbox 1147 3601 1215 3640; x_wconf 89' lang='lat' dir='ltr'><strong>cum</strong></span> <span class='ocrx_word' id='word_1_180' title='bbox 1246 3602 1300 3660; x_wconf 88' lang='lat' dir='ltr'><strong>per</strong></span> <span class='ocrx_word' id='word_1_181' title='bbox 1331 3581 1435 3641; x_wconf 84' lang='grc'>001010</span> <span class='ocrx_word' id='word_1_182' title='bbox 1468 3582 1625 3643; x_wconf 75' lang='grc'>’.0001010011</span> <span class='ocrx_word' id='word_1_183' title='bbox 1651 3580 1673 3635; x_wconf 88' lang='lat' dir='ltr'><strong>el</strong></span> 
     </span>
     <span class='ocr_line' id='line_1_24' title="bbox 360 3689 1671 3767; baseline -0.013 0"><span class='ocrx_word' id='word_1_184' title='bbox 360 3709 527 3767; x_wconf 89' lang='lat' dir='ltr'><strong>Antonium</strong></span> <span class='ocrx_word' id='word_1_185' title='bbox 548 3699 1325 3764; x_wconf 70' lang='grc' dir='ltr'>110001110010001010θο01110001101001Ρο11010</span> <span class='ocrx_word' id='word_1_186' title='bbox 1356 3689 1497 3760; x_wconf 80' lang='lat' dir='ltr'><strong>Tuscana</strong></span> <span class='ocrx_word' id='word_1_187' title='bbox 1527 3705 1557 3760; x_wconf 92' lang='lat' dir='ltr'><strong>et</strong></span> <span class='ocrx_word' id='word_1_188' title='bbox 1587 3698 1671 3758; x_wconf 85' lang='lat' dir='ltr'><strong>Calan</strong></span> 
     </span>
     <span class='ocr_line' id='line_1_25' title="bbox 361 3815 1668 3894; baseline -0.012 -10"><span class='ocrx_word' id='word_1_189' title='bbox 361 3826 443 3884; x_wconf 81' lang='lat' dir='ltr'><strong>Tatii</strong></span> <span class='ocrx_word' id='word_1_190' title='bbox 463 3824 548 3882; x_wconf 88' lang='lat' dir='ltr'><strong>Petri</strong></span> <span class='ocrx_word' id='word_1_191' title='bbox 568 3821 648 3894; x_wconf 86' lang='grc'>0010,</span> <span class='ocrx_word' id='word_1_192' title='bbox 671 3824 701 3879; x_wconf 89' lang='grc'><strong>01</strong></span> <span class='ocrx_word' id='word_1_193' title='bbox 721 3819 824 3879; x_wconf 89' lang='lat' dir='ltr'><strong>Meum</strong></span> <span class='ocrx_word' id='word_1_194' title='bbox 845 3818 925 3877; x_wconf 87' lang='grc'>01001</span> <span class='ocrx_word' id='word_1_195' title='bbox 947 3815 1062 3876; x_wconf 81' lang='grc'>00101111</span> <span class='ocrx_word' id='word_1_196' title='bbox 1083 3817 1267 3875; x_wconf 82' lang='lat' dir='ltr'><strong>consiliarios</strong></span> <span class='ocrx_word' id='word_1_197' title='bbox 1288 3818 1454 3874; x_wconf 88' lang='lat' dir='ltr'><strong>communis</strong></span> <span class='ocrx_word' id='word_1_198' title='bbox 1486 3817 1524 3876; x_wconf 90' lang='grc'><strong>(10</strong></span> <span class='ocrx_word' id='word_1_199' title='bbox 1554 3815 1668 3880; x_wconf 86' lang='lat' dir='ltr'><strong>Olibano,</strong></span> 
     </span>
     <span class='ocr_line' id='line_1_26' title="bbox 362 3925 1671 4020; baseline -0.017 -18"><span class='ocrx_word' id='word_1_200' title='bbox 362 3963 396 4002; x_wconf 88' lang='grc'><strong>00</strong></span> <span class='ocrx_word' id='word_1_201' title='bbox 416 3945 624 4020; x_wconf 86' lang='lat' dir='ltr'><strong>procuratores</strong></span> <span class='ocrx_word' id='word_1_202' title='bbox 644 3938 810 3996; x_wconf 90' lang='lat' dir='ltr'><strong>communis</strong></span> <span class='ocrx_word' id='word_1_203' title='bbox 832 3935 903 3994; x_wconf 91' lang='lat' dir='ltr'><strong>dicti</strong></span> <span class='ocrx_word' id='word_1_204' title='bbox 924 3935 1022 4006; x_wconf 86' lang='lat' dir='ltr'><strong>castri,</strong></span> <span class='ocrx_word' id='word_1_205' title='bbox 1039 3953 1168 3992; x_wconf 89' lang='lat' dir='ltr'><strong>necnon</strong></span> <span class='ocrx_word' id='word_1_206' title='bbox 1183 3933 1257 4006; x_wconf 90' lang='lat' dir='ltr'><strong>vice,</strong></span> <span class='ocrx_word' id='word_1_207' title='bbox 1273 3933 1393 3991; x_wconf 88' lang='grc'>0010100</span> <span class='ocrx_word' id='word_1_208' title='bbox 1408 3935 1438 3990; x_wconf 93' lang='grc'><strong>01</strong></span> <span class='ocrx_word' id='word_1_209' title='bbox 1452 3953 1507 4010; x_wconf 90' lang='lat' dir='ltr'><strong>pro</strong></span> <span class='ocrx_word' id='word_1_210' title='bbox 1521 3941 1601 4010; x_wconf 87' lang='lat' dir='ltr'><strong>parte</strong></span> <span class='ocrx_word' id='word_1_211' title='bbox 1615 3925 1671 3987; x_wconf 84' lang='lat' dir='ltr'><strong>dicti</strong></span> 
     </span>
    </p>

    <p class='ocr_par' dir='ltr' id='par_1_13' title="bbox 300 4045 1670 4593">
     <span class='ocr_line' id='line_1_27' title="bbox 300 4045 1668 4129; baseline -0.011 -15"><span class='ocrx_word' id='word_1_212' title='bbox 300 4077 331 4129; x_wconf 85' lang='lat'><strong>25</strong></span> <span class='ocrx_word' id='word_1_213' title='bbox 361 4056 526 4116; x_wconf 90' lang='lat' dir='ltr'><strong>communis</strong></span> <span class='ocrx_word' id='word_1_214' title='bbox 547 4055 656 4113; x_wconf 89' lang='lat' dir='ltr'><strong>illustri</strong></span> <span class='ocrx_word' id='word_1_215' title='bbox 677 4057 708 4110; x_wconf 90' lang='lat' dir='ltr'><strong>et</strong></span> <span class='ocrx_word' id='word_1_216' title='bbox 727 4051 843 4129; x_wconf 90' lang='lat' dir='ltr'><strong>potenti</strong></span> <span class='ocrx_word' id='word_1_217' title='bbox 856 4051 920 4110; x_wconf 88' lang='lat' dir='ltr'><strong>viro</strong></span> <span class='ocrx_word' id='word_1_218' title='bbox 936 4048 1054 4108; x_wconf 90' lang='lat' dir='ltr'><strong>domino</strong></span> <span class='ocrx_word' id='word_1_219' title='bbox 1065 4047 1195 4107; x_wconf 89' lang='lat' dir='ltr'><strong>Iordano</strong></span> <span class='ocrx_word' id='word_1_220' title='bbox 1211 4046 1248 4108; x_wconf 88' lang='lat' dir='ltr'><strong>de</strong></span> <span class='ocrx_word' id='word_1_221' title='bbox 1263 4046 1409 4107; x_wconf 76' lang='lat' dir='ltr'><strong>Columna</strong></span> <span class='ocrx_word' id='word_1_222' title='bbox 1423 4048 1512 4106; x_wconf 91' lang='lat' dir='ltr'><strong>militi</strong></span> <span class='ocrx_word' id='word_1_223' title='bbox 1527 4051 1556 4106; x_wconf 91' lang='grc'><strong>01</strong></span> <span class='ocrx_word' id='word_1_224' title='bbox 1569 4045 1668 4106; x_wconf 90' lang='lat' dir='ltr'><strong>domino</strong></span> 
     </span>
     <span class='ocr_line' id='line_1_28' title="bbox 361 4163 1670 4242; baseline -0.009 -11"><span class='ocrx_word' id='word_1_225' title='bbox 361 4170 496 4232; x_wconf 91' lang='lat' dir='ltr'><strong>eiusdem</strong></span> <span class='ocrx_word' id='word_1_226' title='bbox 516 4170 615 4242; x_wconf 85' lang='lat' dir='ltr'><strong>castri,</strong></span> <span class='ocrx_word' id='word_1_227' title='bbox 637 4168 790 4226; x_wconf 89' lang='lat' dir='ltr'><strong>humiliter</strong></span> <span class='ocrx_word' id='word_1_228' title='bbox 811 4163 849 4223; x_wconf 90' lang='lat' dir='ltr'><strong>ab</strong></span> <span class='ocrx_word' id='word_1_229' title='bbox 870 4165 913 4224; x_wconf 89' lang='lat' dir='ltr'><strong>eis</strong></span> <span class='ocrx_word' id='word_1_230' title='bbox 934 4164 1134 4241; x_wconf 89' lang='lat' dir='ltr'><strong>supplicatum</strong></span> <span class='ocrx_word' id='word_1_231' title='bbox 1155 4166 1235 4221; x_wconf 91' lang='lat' dir='ltr'><strong>esset</strong></span> <span class='ocrx_word' id='word_1_232' title='bbox 1255 4164 1287 4222; x_wconf 90' lang='lat' dir='ltr'><strong>in</strong></span> <span class='ocrx_word' id='word_1_233' title='bbox 1307 4167 1338 4220; x_wconf 91' lang='lat' dir='ltr'><strong>et</strong></span> <span class='ocrx_word' id='word_1_234' title='bbox 1357 4181 1449 4241; x_wconf 89' lang='lat' dir='ltr'><strong>supra</strong></span> <span class='ocrx_word' id='word_1_235' title='bbox 1470 4163 1597 4240; x_wconf 89' lang='lat' dir='ltr'><strong>quodam</strong></span> <span class='ocrx_word' id='word_1_236' title='bbox 1617 4176 1670 4236; x_wconf 74' lang='lat' dir='ltr'><strong>gra·</strong></span> 
     </span>
     <span class='ocr_line' id='line_1_29' title="bbox 361 4275 1668 4362; baseline -0.015 -12"><span class='ocrx_word' id='word_1_237' title='bbox 361 4290 488 4362; x_wconf 83' lang='lat' dir='ltr'><strong>vamina,</strong></span> <span class='ocrx_word' id='word_1_238' title='bbox 511 4287 591 4347; x_wconf 90' lang='lat' dir='ltr'><strong>tedio</strong></span> <span class='ocrx_word' id='word_1_239' title='bbox 613 4305 666 4345; x_wconf 89' lang='lat' dir='ltr'><strong>seu</strong></span> <span class='ocrx_word' id='word_1_240' title='bbox 687 4305 786 4357; x_wconf 90' lang='lat' dir='ltr'><strong>onere,</strong></span> <span class='ocrx_word' id='word_1_241' title='bbox 809 4304 867 4360; x_wconf 88' lang='lat' dir='ltr'><strong>quo</strong></span> <span class='ocrx_word' id='word_1_242' title='bbox 886 4284 1022 4342; x_wconf 90' lang='lat' dir='ltr'><strong>homines</strong></span> <span class='ocrx_word' id='word_1_243' title='bbox 1043 4281 1115 4339; x_wconf 89' lang='grc'>(11011</span> <span class='ocrx_word' id='word_1_244' title='bbox 1135 4283 1226 4340; x_wconf 88' lang='grc'>000111</span> <span class='ocrx_word' id='word_1_245' title='bbox 1246 4301 1264 4339; x_wconf 91' lang='grc'><strong>0</strong></span> <span class='ocrx_word' id='word_1_246' title='bbox 1284 4280 1392 4341; x_wconf 86' lang='lat' dir='ltr'><strong>balivis</strong></span> <span class='ocrx_word' id='word_1_247' title='bbox 1413 4284 1444 4338; x_wconf 90' lang='grc'><strong>01</strong></span> <span class='ocrx_word' id='word_1_248' title='bbox 1455 4279 1621 4340; x_wconf 88' lang='lat' dir='ltr'><strong>custodibus</strong></span> <span class='ocrx_word' id='word_1_249' title='bbox 1630 4275 1668 4333; x_wconf 88' lang='lat' dir='ltr'><strong>de·</strong></span> 
     </span>
     <span class='ocr_line' id='line_1_30' title="bbox 360 4393 1666 4484; baseline -0.014 -20"><span class='ocrx_word' id='word_1_250' title='bbox 360 4404 566 4484; x_wconf 88' lang='lat' dir='ltr'><strong>primebantur</strong></span> <span class='ocrx_word' id='word_1_251' title='bbox 587 4408 617 4461; x_wconf 91' lang='grc'><strong>01</strong></span> <span class='ocrx_word' id='word_1_252' title='bbox 637 4400 823 4480; x_wconf 89' lang='lat' dir='ltr'><strong>recipiebant</strong></span> <span class='ocrx_word' id='word_1_253' title='bbox 843 4399 983 4476; x_wconf 90' lang='lat' dir='ltr'><strong>quotidie,</strong></span> <span class='ocrx_word' id='word_1_254' title='bbox 1006 4403 1036 4456; x_wconf 90' lang='grc'><strong>01</strong></span> <span class='ocrx_word' id='word_1_255' title='bbox 1056 4400 1214 4476; x_wconf 88' lang='lat' dir='ltr'><strong>presertim</strong></span> <span class='ocrx_word' id='word_1_256' title='bbox 1245 4418 1337 4474; x_wconf 89' lang='lat' dir='ltr'><strong>super</strong></span> <span class='ocrx_word' id='word_1_257' title='bbox 1364 4397 1498 4472; x_wconf 90' lang='lat' dir='ltr'><strong>accusis,</strong></span> <span class='ocrx_word' id='word_1_258' title='bbox 1528 4393 1666 4472; x_wconf 87' lang='lat' dir='ltr'><strong>inquisitio-</strong></span> 
     </span>
     <span class='ocr_line' id='line_1_31' title="bbox 360 4510 1665 4593; baseline -0.012 -15"><span class='ocrx_word' id='word_1_259' title='bbox 360 4518 450 4579; x_wconf 88' lang='lat' dir='ltr'><strong>nibus</strong></span> <span class='ocrx_word' id='word_1_260' title='bbox 471 4523 501 4578; x_wconf 90' lang='lat' dir='ltr'><strong>et</strong></span> <span class='ocrx_word' id='word_1_261' title='bbox 521 4518 616 4577; x_wconf 89' lang='lat' dir='ltr'><strong>tardis</strong></span> <span class='ocrx_word' id='word_1_262' title='bbox 638 4513 887 4593; x_wconf 86' lang='lat' dir='ltr'><strong>exequutionibus</strong></span> <span class='ocrx_word' id='word_1_263' title='bbox 908 4513 1079 4572; x_wconf 88' lang='lat' dir='ltr'><strong>earumdem</strong></span> <span class='ocrx_word' id='word_1_264' title='bbox 1102 4531 1136 4570; x_wconf 87' lang='lat' dir='ltr'><strong>ac</strong></span> <span class='ocrx_word' id='word_1_265' title='bbox 1168 4510 1302 4570; x_wconf 91' lang='lat' dir='ltr'><strong>emendis</strong></span> <span class='ocrx_word' id='word_1_266' title='bbox 1334 4510 1513 4569; x_wconf 88' lang='lat' dir='ltr'><strong>damnorum</strong></span> <span class='ocrx_word' id='word_1_267' title='bbox 1543 4511 1665 4574; x_wconf 86' lang='grc'>(10101110,</span> 
     </span>
    </p>

    <p class='ocr_par' dir='ltr' id='par_1_14' title="bbox 301 4626 1664 4828">
     <span class='ocr_line' id='line_1_32' title="bbox 301 4626 1664 4714; baseline -0.015 -16"><span class='ocrx_word' id='word_1_268' title='bbox 301 4658 334 4711; x_wconf 87' lang='lat'><strong>30</strong></span> <span class='ocrx_word' id='word_1_269' title='bbox 363 4639 395 4697; x_wconf 91' lang='lat' dir='ltr'><strong>in</strong></span> <span class='ocrx_word' id='word_1_270' title='bbox 416 4637 524 4714; x_wconf 88' lang='lat' dir='ltr'><strong>quibus</strong></span> <span class='ocrx_word' id='word_1_271' title='bbox 545 4637 646 4694; x_wconf 93' lang='lat' dir='ltr'><strong>nullus</strong></span> <span class='ocrx_word' id='word_1_272' title='bbox 667 4634 739 4694; x_wconf 89' lang='lat' dir='ltr'><strong>ordo</strong></span> <span class='ocrx_word' id='word_1_273' title='bbox 761 4632 798 4692; x_wconf 89' lang='lat' dir='ltr'><strong>ab</strong></span> <span class='ocrx_word' id='word_1_274' title='bbox 820 4632 933 4692; x_wconf 89' lang='lat' dir='ltr'><strong>eisdem</strong></span> <span class='ocrx_word' id='word_1_275' title='bbox 954 4627 1128 4690; x_wconf 87' lang='lat' dir='ltr'><strong>custodibus</strong></span> <span class='ocrx_word' id='word_1_276' title='bbox 1159 4632 1190 4686; x_wconf 92' lang='lat' dir='ltr'><strong>et</strong></span> <span class='ocrx_word' id='word_1_277' title='bbox 1220 4626 1328 4687; x_wconf 90' lang='lat' dir='ltr'><strong>balivis</strong></span> <span class='ocrx_word' id='word_1_278' title='bbox 1358 4631 1440 4687; x_wconf 89' lang='lat' dir='ltr'><strong>certo</strong></span> <span class='ocrx_word' id='word_1_279' title='bbox 1471 4633 1600 4704; x_wconf 86' lang='lat' dir='ltr'><strong>tempore</strong></span> <span class='ocrx_word' id='word_1_280' title='bbox 1625 4639 1664 4682; x_wconf 88' lang='grc'><strong>000</strong></span> 
     </span>
     <span class='ocr_line' id='line_1_33' title="bbox 361 4737 1664 4828; baseline -0.016 -14"><span class='ocrx_word' id='word_1_281' title='bbox 361 4757 473 4814; x_wconf 89' lang='grc'>0101010</span> <span class='ocrx_word' id='word_1_282' title='bbox 493 4751 679 4825; x_wconf 87' lang='lat' dir='ltr'><strong>servabatur,</strong></span> <span class='ocrx_word' id='word_1_283' title='bbox 701 4755 849 4828; x_wconf 88' lang='lat' dir='ltr'><strong>quatenus</strong></span> <span class='ocrx_word' id='word_1_284' title='bbox 869 4746 1005 4826; x_wconf 88' lang='lat' dir='ltr'><strong>prefatus</strong></span> <span class='ocrx_word' id='word_1_285' title='bbox 1027 4745 1164 4804; x_wconf 91' lang='lat' dir='ltr'><strong>dominus</strong></span> <span class='ocrx_word' id='word_1_286' title='bbox 1185 4763 1276 4821; x_wconf 90' lang='lat' dir='ltr'><strong>super</strong></span> <span class='ocrx_word' id='word_1_287' title='bbox 1305 4743 1459 4819; x_wconf 88' lang='lat' dir='ltr'><strong>premissis</strong></span> <span class='ocrx_word' id='word_1_288' title='bbox 1491 4739 1619 4800; x_wconf 90' lang='lat' dir='ltr'><strong>omnibus</strong></span> <span class='ocrx_word' id='word_1_289' title='bbox 1643 4737 1664 4792; x_wconf 86' lang='grc'><strong>01</strong></span> 
     </span>
    </p>
   </div>
   <div class='ocr_carea' id='block_1_12' title="bbox 361 4855 1662 4948">
    <p class='ocr_par' dir='ltr' id='par_1_15' title="bbox 361 4855 1662 4948">
     <span class='ocr_line' id='line_1_34' title="bbox 361 4855 1662 4948; baseline -0.013 -19"><span class='ocrx_word' id='word_1_290' title='bbox 361 4872 490 4948; x_wconf 84' lang='lat' dir='ltr'><strong>singulis</strong></span> <span class='ocrx_word' id='word_1_291' title='bbox 511 4871 625 4930; x_wconf 86' lang='lat' dir='ltr'><strong>dictum</strong></span> <span class='ocrx_word' id='word_1_292' title='bbox 645 4887 770 4928; x_wconf 90' lang='lat' dir='ltr'><strong>comune</strong></span> <span class='ocrx_word' id='word_1_293' title='bbox 791 4874 821 4926; x_wconf 91' lang='grc'><strong>01</strong></span> <span class='ocrx_word' id='word_1_294' title='bbox 841 4866 976 4924; x_wconf 91' lang='lat' dir='ltr'><strong>homines</strong></span> <span class='ocrx_word' id='word_1_295' title='bbox 996 4864 1090 4940; x_wconf 87' lang='lat' dir='ltr'><strong>ipsius</strong></span> <span class='ocrx_word' id='word_1_296' title='bbox 1112 4860 1223 4919; x_wconf 89' lang='lat' dir='ltr'><strong>exinde</strong></span> <span class='ocrx_word' id='word_1_297' title='bbox 1243 4861 1343 4919; x_wconf 87' lang='lat' dir='ltr'><strong>illesos</strong></span> <span class='ocrx_word' id='word_1_298' title='bbox 1365 4866 1454 4934; x_wconf 89' lang='lat' dir='ltr'><strong>atque</strong></span> <span class='ocrx_word' id='word_1_299' title='bbox 1482 4861 1616 4936; x_wconf 87' lang='lat' dir='ltr'><strong>perpetuo</strong></span> <span class='ocrx_word' id='word_1_300' title='bbox 1640 4855 1662 4911; x_wconf 88' lang='lat' dir='ltr'><strong>in</strong></span> 
     </span>
    </p>
   </div>
   <div class='ocr_carea' id='block_1_13' title="bbox 0 0 1736 5508">
    <p class='ocr_par' dir='ltr' id='par_1_16' title="bbox 0 0 1736 5508">
     <span class='ocr_line' id='line_1_35' title="bbox 0 0 1736 5508; baseline 0 0"><span class='ocrx_word' id='word_1_301' title='bbox 0 0 1736 5508; x_wconf 95' lang='lat' dir='ltr'><strong> </strong></span> 
     </span>
    </p>
   </div>
  </div>
 </body>
</html>
