3480 5512
935 457 973 467 ..
993 423 1013 482 2
1034 457 1072 468 -

338 541 458 599 etcum
478 535 580 598 debita
599 541 770 600 reverentia
789 539 977 618 postulantis,
999 540 1066 600 vice
1086 543 1117 600 et
1136 539 1257 598 nomine
1278 558 1336 616 quo
1356 558 1448 618 snpra
1468 538 1543 598 dicti
1556 537 1664 599 domini

338 658 456 714 matura
476 653 692 714 deliberatione
712 653 870 733 prehabita
891 655 1099 729 decreverunt,
1130 659 1302 715 statuerunt
1329 659 1359 714 et
1380 654 1613 716 declaraverunt
1632 655 1664 714 de

338 773 488 832 communi
508 771 667 831 concordia
698 776 729 831 et
748 771 904 833 voluntate
936 773 1015 832 inter
1034 770 1185 850 predictos
1215 769 1353 830 offitialee
1383 775 1414 830 et
1439 770 1578 832 homiues
1600 769 1666 828 dicti

337 888 427 946 castri
458 886 600 964 deinceps
631 883 823 963 infrascripta
854 884 993 963 Capitula
1023 888 1054 944 et
1084 883 1204 944 Statuta
1234 891 1379 963 perpetuo
1400 889 1432 944 et
1457 883 1666 946 inviolabiliter

297 1022 308 1072 ς
337 1001 501 1075 observari,
524 1000 703 1061 mandantes
724 1001 762 1060 de
783 1001 925 1079 predictis
945 1020 1001 1079 per
1020 1021 1068 1060 me
1092 1003 1241 1060 notarium
1272 1000 1496 1081 infrascriptum
1517 1001 1585 1060 fieri
1606 1022 1666 1078 pre-

337 1138 407 1179 sens
429 1118 583 1197 publicum
603 1120 837 1178 instrumentum
857 1117 897 1176 ad
917 1121 1093 1195 perpetuam
1113 1119 1157 1178 rei
1178 1120 1361 1178 memoriam.

416 1296 460 1356 H.
481 1296 535 1357 De
555 1294 759 1358 iuramentis
780 1293 968 1358 Castellani
988 1301 1021 1356 et
1042 1294 1192 1358 aliorum
1213 1295 1428 1359 officialium.

414 1467 452 1526 In
472 1469 576 1547 primis
597 1469 718 1545 quidem
738 1471 919 1542 statuerunt,
942 1467 1158 1529 ordinaverunt
1172 1473 1203 1528 et
1217 1441 1418 1531 decreverunt
1431 1467 1540 1547 prefati
1554 1469 1665 1529 domini

336 1584 417 1661 quod
438 1585 619 1644 castellanus
639 1603 693 1644 sen
714 1585 844 1645 vicarius
864 1588 895 1644 et
916 1583 1042 1660 quilibet
1073 1583 1203 1644 offitialis
1224 1585 1275 1661 qui
1295 1586 1408 1663 preen't
1434 1587 1574 1663 regimini
1597 1586 1666 1646 dicti

280 1720 312 1760 ro
336 1703 435 1774 castri,
457 1703 506 1763 vel
529 1700 655 1778 quilibet
675 1701 751 1760 alius
773 1699 902 1760 offitialis
923 1701 1005 1760 curie
1032 1701 1097 1762 eius
1127 1705 1287 1777 antequam
1307 1701 1431 1780 incipiet
1450 1721 1567 1780 regere,
1589 1704 1665 1763 iuret

337 1823 368 1878 et
388 1819 486 1878 iurare
506 1817 626 1897 publice
647 1821 784 1878 teneatur
804 1815 905 1876 facere
926 1816 1070 1876 iustitiam
1090 1815 1261 1876 hominibus
1282 1814 1354 1876 dicti
1374 1819 1465 1876 castri
1484 1819 1550 1878 sine
1565 1839 1665 1898 perso·

336 1955 442 1995 narum
464 1935 640 2013 exceptione
661 1937 691 1992 et
710 1951 833 1994 servare
853 1937 966 1992 statuta
986 1937 1017 1993 et
1037 1933 1168 2011 capitula
1187 1931 1378 2013 infrascripta
1395 1940 1426 1994 et
1439 1935 1498 1994 alia
1510 1936 1576 1995 iura
1590 1936 1664 2016 ipso

336 2070 404 2110 rum
425 2050 518 2124 illesa,
540 2069 597 2109 nec
616 2048 780 2128 procedere
800 2051 830 2108 in
851 2049 1006 2109 maleficiis
1037 2050 1124 2109 aliter
1154 2069 1243 2126 qnam
1263 2050 1430 2112 secundum
1453 2050 1581 2113 formam
1601 2074 1664 2132 pre

334 2168 464 2227 sentium
484 2171 674 2238 statutorum,
697 2171 727 2224 et
747 2164 799 2224 ubi
820 2170 932 2226 statuta
952 2186 1012 2226 non
1034 2168 1205 2243 loquuntur,
1226 2167 1393 2228 secundnm
1420 2171 1595 2246 qualitatem
1615 2173 1663 2232 de

221 2357 223 2364 γ
276 2301 305 2353 15
335 2285 407 2359 licti,
429 2283 619 2362 procedendo
650 2287 755 2342 contre
785 2282 1009 2359 delinquentem
1041 2282 1079 2342 de
1099 2283 1246 2344 similibus
1274 2284 1313 2343 ad
1343 2286 1460 2357 similia,
1481 2295 1513 2346 et
1532 2287 1614 2363 qnod
1634 2291 1662 2348 in

336 2399 397 2460 fine
417 2401 464 2460 sui
485 2398 574 2459 officii
604 2417 703 2458 coram
734 2397 849 2456 sindico
881 2397 952 2456 dicti
984 2398 1074 2456 castri
1094 2399 1126 2456 in
1147 2397 1227 2457 diem
1256 2399 1456 2476 personaliter
1485 2402 1661 2480 respondeat

335 2512 474 2574 omnibus
495 2517 526 2572 et
545 2512 674 2590 singulis
695 2509 947 2588 conquerentibus
968 2509 1006 2569 de
1027 2511 1108 2588 ipsis,
1124 2516 1154 2570 et
1169 2511 1246 2571 male
1260 2510 1361 2571 ablata
1380 2514 1527 2588 restituat,
1542 2519 1574 2574 et
1585 2517 1661 2574 intra

336 2635 464 2708 quatuor
484 2629 549 2689 dies
570 2629 786 2689 condemnetur
816 2629 866 2689 vel
896 2626 1069 2688 absolvatur
1098 2647 1153 2706 per
1180 2627 1330 2688 sindioum
1351 2630 1390 2689 ad
1411 2632 1475 2691 eius
1499 2630 1660 2706 arbitrium,

335 2749 393 2808 nisi
414 2767 571 2826 processus
590 2752 694 2808 contra
715 2766 766 2806 ecs
786 2747 836 2806 vel
856 2765 959 2804 eorum
981 2745 1095 2820 aliquos
1126 2742 1225 2805 factus
1256 2746 1335 2805 intra
1359 2746 1473 2806 dictum
1504 2749 1660 2808 terminum

273 2879 307 2919 20
334 2865 455 2926 effectui
475 2886 536 2926 non
557 2865 726 2936 duceretur,
747 2865 779 2921 in
800 2882 858 2939 quo
879 2881 950 2921 casn
973 2866 1054 2921 stare
1085 2860 1216 2923 debeant
1246 2862 1342 2922 donec
1371 2863 1507 2941 legitime
1533 2863 1659 2940 finiatur,

335 2985 366 3042 et
386 2983 412 3042 si
442 2980 689 3053 condemnentur,
721 2978 998 3038 condemnationem
1029 2979 1211 3056 persolvant,
1243 2979 1329 3038 aliter
1360 2998 1421 3038 nou
1447 2979 1599 3040 recedant.
1626 2981 1660 3038 In

335 3097 584 3157 condemnatione
604 3099 705 3156 autem
725 3093 778 3154 fiat
797 3095 946 3154 restitutio
969 3092 1031 3175 [ob]
1053 3095 1163 3154 iniuste
1184 3093 1284 3154 ablata
1304 3095 1434 3155 omnino.

414 3277 475 3340 III.
487 3276 588 3356 Quod
599 3291 702 3336 neruo
715 3275 893 3350 presumat
908 3272 1023 3334 favere
1038 3271 1240 3336 offitiatibus
1255 3275 1347 3350 quod
1361 3290 1431 3336 non
1442 3272 1660 3340 sindicentur.

413 3446 493 3506 Item
514 3445 593 3522 quod
616 3445 795 3522 quicumque
816 3444 927 3504 dixerit
946 3445 977 3503 in
998 3445 1121 3504 consilio
1152 3443 1232 3520 qnod
1262 3443 1445 3504 castellanus
1465 3450 1496 3505 et
1516 3447 1582 3506 eins
1602 3443 1660 3506 offi-

273 3590 303 3642 25
335 3562 423 3621 tieles
443 3581 504 3621 non
525 3560 712 3621 sindicentur
732 3559 897 3620 secundum
918 3557 1044 3618 formam
1064 3563 1253 3633 statutorum,
1275 3563 1328 3618 ant
1348 3560 1407 3619 alia
1419 3559 1521 3635 verba,
1537 3581 1658 3638 quorum

335 3677 461 3738 effectus
480 3676 537 3736 hcc
567 3680 774 3752 sequerentur,
805 3675 855 3737 vel
885 3675 966 3752 quod
997 3674 1153 3735 arbitrium
1185 3676 1213 3734 ci
1244 3675 1341 3748 detur,
1365 3677 1398 3735 in
1418 3681 1539 3737 centum
1559 3677 1658 3737 solidis

335 3794 526 3855 denariorum
545 3793 709 3870 puniatur,
732 3795 762 3850 ct
782 3791 923 3850 credatur
943 3789 1066 3850 cuilibet
1085 3788 1163 3850 bone
1193 3788 1274 3850 fame
1304 3793 1456 3850 accusanti
1476 3811 1545 3852 cum
1565 3811 1658 3852 sacra·

333 3914 434 3970 mento
455 3929 523 3968 cnm
544 3907 734 3966 attestatione
756 3905 882 3964 ducrum
904 3905 1033 3976 testium,
1056 3913 1086 3963 et
1106 3910 1262 3965 accusator
1281 3904 1392 3965 habeat
1410 3907 1530 3965 tertiam
1545 3914 1657 3985 partem

332 4044 418 4102 pene.
438 4024 479 4082 Et
499 4025 524 4082 si
545 4023 644 4098 aliqua
666 4018 840 4080 deliberatio
854 4018 940 4080 fieret
953 4019 992 4078 de
1006 4020 1149 4097 predictis
1163 4021 1212 4081 vel
1228 4021 1293 4080 aliis
1307 4019 1544 4097 quibuscumque
1559 4027 1657 4082 contra
1731 4079 1732 4108 ¹

273 4167 305 4219 30
333 4137 461 4199 formam
481 4138 668 4217 presentium
687 4140 876 4209 statutorum,
898 4156 959 4194 non
979 4135 1088 4196 valeat.

412 4315 467 4376 IV.
495 4316 549 4376 De
570 4311 777 4391 specialibus
798 4311 1057 4376 successoribus
1076 4311 1254 4377 nobilium.

413 4483 492 4543 Item
514 4482 593 4560 quod
613 4483 832 4561 primogenitus
853 4480 999 4541 nobilium
1019 4487 1050 4542 et
1069 4480 1304 4541 feudatariornm
1335 4479 1408 4540 dicti
1431 4480 1532 4555 castri,
1553 4479 1659 4541 habeat

332 4599 457 4660 feudum
479 4619 547 4659 cum
577 4597 739 4659 heredibus
770 4600 833 4658 suis
863 4599 1011 4671 masculis,
1034 4603 1064 4656 et
1086 4600 1224 4656 teneatur
1243 4595 1353 4656 fratres
1383 4597 1562 4676 superstites
1582 4597 1659 4658 alere

331 4717 362 4774 in
383 4716 464 4776 victu
486 4719 517 4775 et
537 4716 648 4777 vestitu
670 4720 700 4772 et
714 4713 780 4772 aliis
801 4715 985 4787 necessariis,
1007 4711 1174 4773 secuudum
1195 4711 1275 4789 quod
1292 4709 1377 4773 feudi
1389 4711 1511 4791 supplet
1523 4710 1659 4772 facultas.
