3464 5508
628 475 666 486 -
689 441 726 500 15
748 475 786 486 -

96 610 135 671 L.
159 613 334 691 Qualiter
354 621 568 693 exequantur
588 615 904 680 condemnationes.

93 782 182 844 Item
205 787 298 864 quod
317 788 581 850 condemnationes
600 787 680 850 facto
699 809 754 868 per
774 791 896 864 curiam,
909 790 1102 866 exequutioni
1117 790 1297 850 mandentur
1313 791 1370 850 hcc

22 897 110 972 uode,
135 901 299 964 videlicet
319 905 401 982 quod
420 906 516 982 primo
537 905 721 984 accipiantur
741 905 779 964 de
799 904 886 965 bouis
906 904 1067 965 mobilibus
1092 907 1286 985 principaliS,
1312 926 1370 983 que

18 1013 35 1070 ri
56 1035 123 1074 non
146 1017 327 1095 sufficiant,
350 1021 534 1098 accipiantur
555 1020 593 1078 de
613 1018 823 1094 immobilibus,
845 1024 876 1079 et
889 1020 915 1078 si
929 1039 989 1079 non
1003 1018 1164 1094 sufficiant,
1184 1021 1370 1099 accipiantur

16 1129 49 1188 is
68 1131 167 1193 bonis
190 1135 399 1198 fideiussoris.
419 1135 594 1197 Fideiussor
613 1156 685 1198 vero
706 1157 768 1197 non
787 1138 984 1198 conveniatur
1003 1137 1178 1215 priusquam
1194 1137 1369 1216 principalis
1402 1169 1414 1222 5

13 1246 42 1304 in
73 1249 243 1326 predictis
274 1256 307 1312 at
336 1250 574 1328 quibuscumque
600 1252 667 1312 aliis
697 1251 824 1326 ensibus,
857 1259 1132 1330 quantumcumque
1151 1251 1372 1312 renuntiaverit

12 1357 171 1424 beneficio
195 1387 285 1428 nove
305 1368 535 1442 constitutionis,
547 1387 601 1445 pro
621 1365 797 1428 fideiussore
818 1366 1004 1442 introductis,
1026 1371 1079 1427 aut
1099 1367 1169 1428 huic
1189 1371 1312 1428 statuto.
1333 1367 1374 1426 Et

11 1478 97 1550 quod
123 1482 155 1540 si
178 1483 298 1560 aliquis
319 1483 357 1543 de
379 1484 458 1543 dicto
479 1488 576 1543 castro
597 1483 779 1544 fideiusserit
798 1505 852 1562 pro
875 1485 983 1561 aliquo,
1006 1485 1056 1562 qui
1077 1503 1138 1544 non
1159 1485 1198 1543 sit
1225 1484 1263 1543 de
1287 1484 1374 1543 iuris-

14 1592 156 1658 dictione
189 1601 271 1661 dioti
292 1602 401 1676 castri,
423 1606 455 1662 at
482 1601 586 1660 eadam
618 1621 708 1662 causa
739 1603 995 1678 qualitercumque
1021 1602 1139 1662 damnis
1170 1607 1201 1662 et
1232 1601 1374 1680 expensis

14 1711 193 1774 incurrerit
216 1719 249 1778 in
269 1719 381 1779 iudicio
403 1718 452 1779 vel
473 1721 567 1793 extra,
589 1719 772 1778 castellanus
793 1722 932 1778 teneatur
956 1719 999 1778 illi
1020 1718 1093 1778 dare
1107 1719 1267 1791 licentiam,
1290 1718 1375 1776 auxi·
1405 1747 1437 1786 10

16 1825 93 1887 lium
116 1835 154 1890 et
176 1831 322 1895 favorem
343 1838 377 1894 ut
399 1834 497 1893 dictus
518 1833 678 1894 fideiussor
698 1838 893 1895 conservetur
913 1833 1072 1894 indemnis.

104 2011 169 2071 LI.
206 2014 261 2074 De
289 2011 493 2075 auctoritate
528 2011 707 2076 creditoris
738 2013 794 2074 vel
826 2028 916 2089 pena
946 2011 1103 2090 negantis
1134 2009 1289 2075 debitum
1318 2012 1374 2072 vel

24 2123 313 2192 fideiussionem.

109 2299 203 2360 Item
222 2301 302 2378 quod
323 2303 350 2360 si
369 2301 530 2378 requisitus
550 2299 642 2361 fuerit
662 2300 836 2378 principalis
858 2299 975 2360 debitor
996 2319 1014 2358 a
1033 2300 1181 2360 creditore
1212 2307 1246 2359 ut
1266 2302 1372 2376 solvat,

31 2414 81 2472 vel
102 2414 222 2492 faciat,
243 2419 294 2480 vel
314 2417 422 2477 reddat
440 2416 521 2493 quod
542 2415 641 2488 debet,
663 2422 695 2476 et
715 2418 779 2495 ipse
799 2417 973 2495 principalis
993 2419 1025 2477 iu
1041 2419 1198 2492 solutione,
1221 2417 1301 2479 facto
1321 2438 1375 2478 seu
1406 2443 1434 2494 15

32 2533 231 2595 restitutione
251 2535 421 2608 cessaverit,
442 2538 473 2593 et
493 2531 652 2592 fideiussor
671 2553 732 2592 uon
757 2531 937 2593 satisfecerit
964 2533 1002 2593 do
1032 2532 1119 2592 bonis
1151 2533 1294 2594 debitoris
1325 2537 1374 2596 vel

38 2647 109 2722 suis,
132 2650 193 2711 hoc
212 2651 301 2710 modo
323 2649 464 2712 videlicet
482 2649 579 2727 primo
600 2647 638 2707 de
660 2647 827 2722 mobilibus,
850 2668 908 2724 que
929 2650 954 2708 si
975 2669 1034 2708 non
1056 2649 1231 2710 sufficereut
1256 2651 1294 2710 de
1314 2655 1374 2710 sta·

39 2756 166 2840 bilibus,
187 2766 317 2826 creditor
337 2767 431 2843 possit
452 2762 565 2842 absque
587 2785 665 2842 pena
685 2772 716 2824 et
741 2763 850 2839 banno,
872 2764 1079 2827 fideiussorem
1098 2769 1277 2844 pignorare,
1299 2774 1330 2828 et
1349 2771 1376 2830 si

43 2875 203 2942 fideiussor
222 2903 255 2944 se
275 2884 461 2960 reparaverit
482 2882 631 2956 creditori,
646 2881 758 2942 incidat
778 2884 809 2941 in
831 2901 939 2960 penam
954 2883 983 2943 V
996 2883 1158 2944 solidorum
1173 2905 1226 2962 pro
1242 2886 1375 2960 qualibet

45 2995 119 3070 vice,
143 3004 174 3058 et
193 3001 218 3059 si
237 2997 446 3058 fideiussorem
466 3017 499 3058 sa
520 2999 686 3075 negaverit,
708 2998 764 3058 hoc
785 3000 835 3060 vel
854 2999 901 3058 his
922 2998 1054 3077 probatis
1084 3019 1193 3077 penam
1225 3001 1289 3060 XX
1310 3002 1377 3060 soli·
1406 3022 1440 3061 20

47 3109 152 3174 dorum
173 3116 312 3187 incurrat,
335 3119 366 3173 et
386 3114 578 3174 nihilomiuus
599 3113 637 3172 cd
658 3113 881 3174 fideiussionem
902 3117 1105 3194 compellatur.
1132 3118 1172 3176 Et
1203 3119 1229 3178 si
1260 3117 1377 3178 debitor

48 3245 79 3284 se
100 3234 257 3309 negaverit
278 3229 453 3303 debitorem,
475 3231 531 3289 hoc
550 3228 685 3308 probato,
707 3231 849 3308 puniatur
869 3233 899 3290 iu
920 3232 986 3290 XX
1006 3233 1124 3306 solidos,
1151 3239 1181 3293 et
1201 3234 1239 3293 ad
1260 3233 1379 3294 satisfa-

49 3344 177 3406 ctionem
196 3347 401 3425 compellatur.
422 3346 463 3405 Et
482 3347 509 3405 si
530 3346 638 3422 aliquis
659 3367 713 3424 pro
734 3347 842 3406 clerico
862 3346 1051 3422 fideiussorit,
1072 3351 1254 3412 castellanus
1269 3371 1322 3411 seu
1337 3352 1379 3412 vi-

52 3460 149 3521 carius
169 3466 307 3522 teneatur
326 3463 426 3540 ipsum
447 3462 551 3522 iuvare
571 3468 605 3520 ut
625 3466 819 3523 conservetur
840 3461 998 3523 indemnis.

127 3639 198 3701 LII.
221 3642 324 3719 Quod
344 3645 552 3704 castellanus
584 3639 689 3702 faciat
720 3639 897 3702 observari
927 3646 1054 3703 statuta
1086 3647 1119 3703 et
1149 3640 1378 3704 instrumenta
1409 3664 1439 3716 25

55 3755 199 3824 publica.

128 3927 204 3986 Item
224 3927 305 4004 quod
325 3929 358 3985 in
377 3926 414 3986 iis
434 3947 492 4004 que
512 3931 650 4005 spectant
670 3928 708 3987 ad
728 3929 882 4001 vicarium,
905 3929 1048 4005 procedet
1063 3934 1092 3989 et
1112 3929 1202 3989 faciat
1218 3929 1379 3990 observare

55 4043 160 4102 statuta
179 4045 332 4123 presentia
351 4049 382 4104 et
401 4046 601 4104 iustrumenta
621 4043 750 4122 publica,
772 4063 832 4120 que
854 4064 914 4103 non
935 4047 1089 4123 patiantur
1101 4047 1320 4123 exceptionem.
1341 4045 1382 4104 Et

59 4156 81 4212 si
99 4162 252 4239 contingat
274 4179 341 4221 eum
362 4165 455 4221 testes
475 4163 617 4240 recipere,
638 4159 830 4239 presentibus
850 4160 986 4238 partibus
1006 4163 1107 4222 iurent
1132 4163 1182 4223 vel
1203 4164 1321 4236 citatis,
1351 4167 1382 4222 et

61 4269 132 4333 dicta
150 4279 273 4337 testium
294 4280 325 4336 et
344 4278 495 4336 sententie
514 4275 714 4355 publicentur.
1411 4283 1445 4338 30

130 4453 217 4514 LIII.
238 4453 293 4513 De
303 4451 576 4516 fideiussioribus
591 4468 661 4514 non
676 4451 847 4528 cogendis,
863 4469 933 4515 non
947 4455 1103 4517 obstante
1117 4455 1380 4518 renuntiatione.

132 4621 209 4682 Item
230 4622 311 4698 quod
331 4642 391 4682 non
410 4622 500 4682 liceat
520 4622 630 4682 vicario
650 4623 780 4682 retinere
806 4622 934 4698 aliquem
965 4621 1190 4696 fideiussorem,
1222 4630 1381 4701 quantum-

69 4751 180 4812 cumque
200 4757 233 4797 se
254 4735 433 4814 obligaverit
454 4741 487 4796 ut
507 4737 680 4814 principalis
702 4735 827 4810 debitor,
849 4742 881 4797 et
900 4737 1117 4798 renuntiaverIt
1138 4735 1278 4798 benefitio
1304 4759 1382 4802 nove
