3464 5508
647 481 686 490 -
707 447 726 504 3
747 481 786 490 ..

8 564 62 620 ri
71 565 259 641 mogenito
279 583 351 624 vero
372 567 497 637 mortuo,
519 582 580 622 non
600 559 774 622 extantibus
794 561 864 620 filiis
883 560 1024 620 masculis
1045 559 1180 636 legitimo
1194 557 1383 617 matrimonio

7 681 126 753 abis,
154 700 218 740 non
240 679 342 754 factis,
361 679 618 758 secundogenitus
637 678 781 740 succedat
801 679 833 738 iu
853 675 954 738 feudo.
987 675 1139 736 Teneatur
1169 681 1270 736 tamen
1291 675 1384 736 filiam

7 816 67 854 au
110 795 200 856 filias
221 795 325 856 fratris
344 797 539 875 primogeniti
565 795 669 856 dotare
699 793 867 856 secundum
897 792 1072 853 facultatem
1103 790 1196 852 feudi.
1217 791 1258 851 Et
1277 792 1321 851 sic
1343 790 1384 850 de

7 931 53 969 ,ῃ
60 912 175 988 gulis
208 930 304 988 usque
336 910 376 971 ad
407 910 567 971 infinitum.
587 911 628 971 Et
648 911 673 970 si
695 910 795 970 clerici
826 912 928 972 essent
958 908 1034 968 tales
1065 909 1116 984 qui
1136 907 1238 968 laicari
1268 907 1384 985 possint

7 1031 15 1084 i
58 1027 254 1102 voluerint,
275 1029 308 1087 iu
328 1025 420 1087 feudo
440 1029 556 1105 possint
576 1026 748 1100 succedere,
770 1030 801 1086 et
821 1026 951 1088 uxorari.
967 1023 1000 1084 Si
1020 1044 1092 1086 vero
1106 1025 1207 1084 nullus
1229 1028 1308 1084 esset
1322 1044 1382 1084 om·
1414 1040 1426 1093 5

7 1144 108 1202 ‚ino
134 1143 294 1203 masculus
314 1144 469 1221 legitimus
488 1144 521 1204 in
541 1142 641 1217 feudo,
663 1147 695 1203 et
714 1143 741 1202 si
760 1141 944 1220 superfuerit
964 1140 1077 1201 femina
1106 1161 1167 1200 una
1198 1141 1247 1202 vel
1271 1142 1383 1219 pluras,

7 1260 139 1318 maior
161 1258 309 1318 succedat
329 1259 361 1318 in
387 1256 498 1331 feudo,
519 1263 550 1318 et
570 1261 709 1318 teneatur
729 1276 847 1318 sorores
877 1259 1055 1336 superstites
1082 1256 1187 1316 dotare
1217 1255 1384 1317 secundum

7 1374 226 1450 qualitatem
247 1372 341 1434 feudi.

120 1553 164 1614 V.
188 1553 291 1631 Quod
312 1549 455 1629 quilibet
476 1556 698 1614 conservetur
718 1549 754 1611 in
775 1547 992 1626 possessione
1013 1566 1087 1611 sua.

124 1724 211 1784 Item
232 1723 313 1800 quod
333 1743 437 1784 omnes
457 1723 593 1783 homines
614 1723 687 1782 dicti
707 1723 797 1782 castri
818 1726 879 1781 tam
910 1720 1055 1781 nobilium
1076 1739 1167 1797 quam
1190 1717 1332 1798 peditum,
1354 1723 1385 1780 et
1415 1761 1448 1802 ,0

7 1838 175 1916 quilibet
190 1841 322 1918 ipsorum
336 1845 426 1917 prout
439 1847 668 1913 consueverunt,
683 1857 786 1898 eorum
800 1837 900 1898 feudis
911 1847 941 1898 et
952 1839 1191 1917 possessionibus
1202 1840 1383 1904 eorumdem.

9 1975 117 2031 quas
140 1955 175 2016 iu
198 1954 278 2015 dicto
307 1959 405 2015 castro
436 1963 468 2014 et
497 1957 562 2016 eius
592 1956 742 2016 territorio
772 1955 918 2018 hactenus
948 1962 1111 2016 tenuerunt
1131 1959 1162 2016 et
1182 1955 1383 2035 possiderunt,

12 2073 87 2133 vel
111 2092 201 2132 nunc
221 2076 327 2134 tenent
348 2078 378 2133 et
397 2073 562 2152 possident,
583 2071 679 2132 libere
700 2078 731 2132 et
751 2071 887 2134 absolute
908 2071 1049 2132 fruantur
1069 2075 1134 2134 sine
1155 2074 1256 2150 aliqua
1269 2077 1385 2136 contra·

17 2188 181 2248 dictione
202 2188 301 2263 Ourie,
323 2188 485 2249 dummodo
506 2189 586 2266 qnod
607 2188 699 2248 (iuria
719 2188 829 2248 debitis
849 2190 980 2252 servitiis
1001 2209 1062 2249 non
1082 2187 1249 2250 fraudetur.

126 2367 188 2428 VI.
208 2368 262 2428 De
285 2364 488 2430 auctoritate
510 2367 714 2430 extrahendi
734 2371 827 2429 bona
849 2366 1020 2430 nobilium
1041 2368 1159 2431 libera.
1414 2376 1443 2432 15

126 2539 210 2599 Item
230 2539 311 2616 quod
330 2539 495 2619 supradicti
525 2541 641 2602 nobiles
661 2540 756 2602 libere
777 2544 842 2602 sine
862 2543 963 2618 aliqua
987 2539 1077 2602 Curis
1097 2541 1290 2617 requisitione
1311 2560 1386 2602 ven-

38 2655 122 2714 dere
144 2657 177 2714 et
196 2654 356 2715 extrahere
376 2657 492 2734 possint
511 2677 567 2734 pro
588 2675 692 2716 eorum
712 2655 797 2717 libito
825 2657 988 2718 voluntatis
1019 2658 1157 2735 grafium,
1188 2655 1334 2716 hordeum
1355 2661 1387 2716 et

40 2791 138 2832 omne
161 2768 304 2846 bladum,
325 2773 448 2847 vinum,
481 2773 621 2834 animalia
652 2778 683 2834 et
713 2775 812 2834 omnia
836 2793 939 2835 eorum
960 2773 1039 2834 bona
1058 2772 1180 2834 mobilia
1208 2774 1386 2850 cuicumque

44 2893 79 2947 et
100 2906 292 2963 quocumque
322 2887 490 2964 voluerint,
521 2911 582 2950 non
611 2891 757 2952 solvendo
778 2892 835 2969 ipsi
855 2911 912 2952 nec
942 2895 1093 2970 emptores
1125 2893 1257 2968 ipsarum
1283 2909 1385 2950 rerum

47 3002 173 3079 aliquod
193 3003 389 3081 plazaaticum
410 3005 509 3082 Ourie,
521 3005 688 3068 secundum
708 3010 863 3084 antiquam
884 3012 915 3068 et
929 3006 1124 3087 approbatam
1138 3006 1385 3067 consuetudinem
1413 3035 1448 3076 2¹>

48 3118 125 3178 dicti
144 3119 245 3179 castri.

133 3295 206 3356 VH.
228 3296 282 3355 De
302 3292 640 3392 servitiisnobilium
661 3298 783 3362 flendis
805 3298 917 3368 curie.

133 3464 212 3524 Item
232 3463 313 3540 quod
334 3464 406 3524 dicti
426 3465 543 3526 nobiles
562 3470 724 3528 teneantur
753 3474 785 3530 et
812 3469 943 3530 debeant
970 3477 1075 3533 tenere
1103 3491 1195 3548 equos
1226 3471 1266 3530 ad
1297 3492 1386 3533 omne

60 3581 279 3658 beneplacitum
309 3587 340 3642 et
370 3582 545 3642 mandatum
576 3585 765 3646 dominorum
795 3586 868 3646 dicti
889 3589 998 3662 castri,
1027 3587 1188 3647 dummodo
1217 3587 1298 3664 quod
1327 3589 1385 3666 ipsi

61 3696 169 3756 domini
198 3695 299 3758 facere
330 3701 491 3759 teneantur
522 3700 666 3761 emendas
695 3700 834 3762 omnibus
865 3707 896 3762 et
925 3703 1054 3780 singulis
1084 3703 1216 3780 ipsorum
1237 3701 1384 3762 nobilium
1414 3751 1427 3790 2

62 3814 110 3890 qui
130 3811 295 3874 debuerunt
315 3819 346 3874 et
368 3813 479 3875 debent
499 3814 610 3876 habere
632 3817 775 3878 emendas
795 3837 939 3894 equorum
961 3839 979 3878 a
1000 3818 1150 3895 quondam
1170 3818 1298 3878 dominis
1313 3817 1383 3877 dicti

63 3929 148 3989 castri
174 3928 340 3989 secundnm
372 3929 619 3992 consuetudinem
650 3933 833 3994 eorumdem.
865 3933 935 3994 Non
965 3937 1081 3993 tantum
1110 3938 1269 3993 teneantur
1290 3932 1385 3992 dictos

65 4064 150 4122 equos
168 4050 367 4124 comprestare
388 4047 486 4120 alicui,
505 4046 560 4107 sed
580 4049 766 4109 solummodo
786 4051 900 4110 sociare
921 4071 1064 4128 personas
1086 4050 1233 4110 dictorum
1254 4049 1386 4110 domino·

1432 3751 1444 3803 5

67 4183 129 4222 rum
146 4181 211 4221 cum
231 4161 408 4240 expedierit,
431 4162 578 4224 dictorum
610 4164 798 4224 dominorum
830 4169 981 4245 expensis.
1013 4167 1161 4245 Tempore
1183 4187 1254 4228 vero
1276 4185 1385 4243 guerre

69 4283 213 4338 teneantur
233 4279 367 4354 equitare
388 4299 449 4338 una
470 4299 537 4339 cum
558 4278 729 4340 hominibus
750 4282 822 4340 dicti
837 4284 926 4342 castri
940 4284 972 4341 in
986 4284 1111 4342 exitium
1126 4283 1175 4342 vel
1190 4281 1385 4342 offensionem
1415 4329 1448 4381 30

71 4395 250 4455 inimicorum.
271 4395 358 4454 Etsi
380 4393 451 4453 dicti
472 4394 589 4454 nobiles
608 4397 640 4455 in
660 4398 817 4458 servitium
849 4397 996 4456 dictorum
1028 4397 1215 4456 dominorum
1243 4396 1292 4458 vel
1313 4396 1385 4455 dum

73 4510 107 4570 de
124 4529 216 4569 eorum
236 4509 378 4569 mandato
398 4511 576 4586 equitarent,
592 4531 684 4586 equos
705 4511 860 4572 amiserint
880 4513 928 4574 vel
950 4511 1207 4588 degsastaverint,
1226 4516 1386 4570 teneantur

76 4626 138 4685 dicti
154 4625 261 4686 domini
281 4624 397 4688 eisdem
418 4627 578 4687 emendare
593 4627 677 4688 iuxta
692 4629 916 4688 extimationem
938 4627 1067 4688 duorum
1080 4627 1226 4688 bonorum
1243 4628 1384 4701 virorum,

78 4745 121 4819 qni
137 4743 266 4802 noticiam
286 4761 390 4802 eorum
410 4740 580 4816 habuerint,
605 4743 815 4821 eligendorum
845 4746 1043 4805 communiter
1064 4765 1083 4803 a
1103 4744 1231 4805 dominis
1251 4751 1282 4804 et
1302 4742 1385 4804 nobi-

80 4857 144 4919 libus
160 4856 322 4918 antedictis.
342 4859 382 4918 Et
402 4863 507 4920 tenere
527 4859 623 4920 dictos
655 4879 747 4938 equos
779 4859 875 4922 donec
895 4861 939 4921 eis
960 4858 1111 4920 emendati
1129 4859 1260 4935 fuerint,
1289 4861 1384 4921 nulla·
