<?xml version="1.0" encoding="UTF-8"?>
<!DOCTYPE html PUBLIC "-//W3C//DTD XHTML 1.0 Transitional//EN"
    "http://www.w3.org/TR/xhtml1/DTD/xhtml1-transitional.dtd">
<html xmlns="http://www.w3.org/1999/xhtml" xml:lang="en" lang="en">
 <head>
  <title>
</title>
<meta http-equiv="Content-Type" content="text/html;charset=utf-8" />
  <meta name='ocr-system' content='tesseract 3.04.00' />
  <meta name='ocr-capabilities' content='ocr_page ocr_carea ocr_par ocr_line ocrx_word'/>
</head>
<body>
  <div class='ocr_page' id='page_1' title='image "./statutidiolevan00mantgoog_0078.png"; bbox 0 0 3464 5508; ppageno 0'>
   <div class='ocr_carea' id='block_1_1' title="bbox 343 403 1649 939">
    <p class='ocr_par' dir='ltr' id='par_1_1' title="bbox 343 403 1649 939">
     <span class='ocr_line' id='line_1_1' title="bbox 931 403 1091 462; baseline 0 -14"><span class='ocrx_word' id='word_1_1' title='bbox 931 437 969 448; x_wconf 84' lang='lat'>-</span> <span class='ocrx_word' id='word_1_2' title='bbox 992 403 1032 462; x_wconf 82' lang='grc'><strong>34</strong></span> <span class='ocrx_word' id='word_1_3' title='bbox 1053 439 1091 448; x_wconf 90' lang='grc'>-</span> 
     </span>
     <span class='ocr_line' id='line_1_2' title="bbox 343 511 1646 595; baseline 0.004 -23"><span class='ocrx_word' id='word_1_4' title='bbox 343 511 431 574; x_wconf 89' lang='lat' dir='ltr'><strong>dictis</strong></span> <span class='ocrx_word' id='word_1_5' title='bbox 451 513 606 592; x_wconf 86' lang='lat' dir='ltr'><strong>lupinariis</strong></span> <span class='ocrx_word' id='word_1_6' title='bbox 626 533 695 574; x_wconf 89' lang='lat' dir='ltr'><strong>cum</strong></span> <span class='ocrx_word' id='word_1_7' title='bbox 716 513 812 574; x_wconf 87' lang='lat' dir='ltr'><strong>bobus</strong></span> <span class='ocrx_word' id='word_1_8' title='bbox 832 515 976 575; x_wconf 87' lang='lat' dir='ltr'><strong>accedere</strong></span> <span class='ocrx_word' id='word_1_9' title='bbox 996 522 1027 576; x_wconf 89' lang='lat' dir='ltr'><strong>et</strong></span> <span class='ocrx_word' id='word_1_10' title='bbox 1047 536 1170 595; x_wconf 89' lang='lat' dir='ltr'><strong>pascere</strong></span> <span class='ocrx_word' id='word_1_11' title='bbox 1191 521 1256 578; x_wconf 89' lang='lat' dir='ltr'><strong>sine</strong></span> <span class='ocrx_word' id='word_1_12' title='bbox 1277 518 1396 594; x_wconf 91' lang='lat' dir='ltr'><strong>banno,</strong></span> <span class='ocrx_word' id='word_1_13' title='bbox 1418 521 1563 580; x_wconf 84' lang='lat' dir='ltr'><strong>corneliis</strong></span> <span class='ocrx_word' id='word_1_14' title='bbox 1589 539 1646 580; x_wconf 91' lang='lat' dir='ltr'><strong>vero</strong></span> 
     </span>
     <span class='ocr_line' id='line_1_3' title="bbox 344 625 1648 714; baseline 0.004 -26"><span class='ocrx_word' id='word_1_15' title='bbox 344 625 447 688; x_wconf 86' lang='lat' dir='ltr'><strong>bestiis</strong></span> <span class='ocrx_word' id='word_1_16' title='bbox 468 649 528 689; x_wconf 91' lang='lat' dir='ltr'><strong>nou</strong></span> <span class='ocrx_word' id='word_1_17' title='bbox 548 631 660 708; x_wconf 86' lang='lat' dir='ltr'><strong>possit,</strong></span> <span class='ocrx_word' id='word_1_18' title='bbox 682 631 766 692; x_wconf 88' lang='lat' dir='ltr'><strong>selvo</strong></span> <span class='ocrx_word' id='word_1_19' title='bbox 787 631 826 691; x_wconf 88' lang='lat' dir='ltr'><strong>de</strong></span> <span class='ocrx_word' id='word_1_20' title='bbox 846 634 982 704; x_wconf 81' lang='lat' dir='ltr'><strong>somerio,</strong></span> <span class='ocrx_word' id='word_1_21' title='bbox 1005 632 1043 693; x_wconf 89' lang='lat' dir='ltr'><strong>de</strong></span> <span class='ocrx_word' id='word_1_22' title='bbox 1063 653 1121 710; x_wconf 89' lang='lat' dir='ltr'><strong>quo</strong></span> <span class='ocrx_word' id='word_1_23' title='bbox 1143 655 1203 694; x_wconf 93' lang='lat' dir='ltr'><strong>non</strong></span> <span class='ocrx_word' id='word_1_24' title='bbox 1223 639 1362 695; x_wconf 89' lang='lat' dir='ltr'><strong>teneatur</strong></span> <span class='ocrx_word' id='word_1_25' title='bbox 1390 637 1428 695; x_wconf 90' lang='lat' dir='ltr'><strong>ed</strong></span> <span class='ocrx_word' id='word_1_26' title='bbox 1457 639 1578 714; x_wconf 80' lang='lat' dir='ltr'><strong>aliquam</strong></span> <span class='ocrx_word' id='word_1_27' title='bbox 1609 655 1648 712; x_wconf 93' lang='lat' dir='ltr'><strong>pe-</strong></span> 
     </span>
     <span class='ocr_line' id='line_1_4' title="bbox 344 747 1649 829; baseline 0.001 -23"><span class='ocrx_word' id='word_1_28' title='bbox 344 764 415 806; x_wconf 85' lang='lat' dir='ltr'><strong>nam</strong></span> <span class='ocrx_word' id='word_1_29' title='bbox 435 747 460 806; x_wconf 87' lang='lat' dir='ltr'><strong>si</strong></span> <span class='ocrx_word' id='word_1_30' title='bbox 482 747 513 806; x_wconf 93' lang='lat' dir='ltr'><strong>in</strong></span> <span class='ocrx_word' id='word_1_31' title='bbox 535 747 622 806; x_wconf 90' lang='lat' dir='ltr'><strong>dictis</strong></span> <span class='ocrx_word' id='word_1_32' title='bbox 643 747 798 824; x_wconf 87' lang='lat' dir='ltr'><strong>lupinariis</strong></span> <span class='ocrx_word' id='word_1_33' title='bbox 819 751 988 822; x_wconf 89' lang='lat' dir='ltr'><strong>teneantur,</strong></span> <span class='ocrx_word' id='word_1_34' title='bbox 1011 747 1171 810; x_wconf 90' lang='lat' dir='ltr'><strong>dummodo</strong></span> <span class='ocrx_word' id='word_1_35' title='bbox 1193 751 1273 826; x_wconf 89' lang='lat' dir='ltr'><strong>quod</strong></span> <span class='ocrx_word' id='word_1_36' title='bbox 1293 772 1354 810; x_wconf 89' lang='lat' dir='ltr'><strong>non</strong></span> <span class='ocrx_word' id='word_1_37' title='bbox 1375 753 1502 829; x_wconf 77' lang='lat' dir='ltr'><strong>ligentur</strong></span> <span class='ocrx_word' id='word_1_38' title='bbox 1521 755 1552 812; x_wconf 92' lang='lat' dir='ltr'><strong>in</strong></span> <span class='ocrx_word' id='word_1_39' title='bbox 1566 753 1612 824; x_wconf 88' lang='lat' dir='ltr'><strong>eis,</strong></span> <span class='ocrx_word' id='word_1_40' title='bbox 1625 753 1649 808; x_wconf 93' lang='lat' dir='ltr'><strong>in</strong></span> 
     </span>
     <span class='ocr_line' id='line_1_5' title="bbox 344 862 1292 939; baseline 0.005 -19"><span class='ocrx_word' id='word_1_41' title='bbox 344 880 403 938; x_wconf 90' lang='lat' dir='ltr'><strong>quo</strong></span> <span class='ocrx_word' id='word_1_42' title='bbox 424 879 496 921; x_wconf 90' lang='lat' dir='ltr'><strong>casu</strong></span> <span class='ocrx_word' id='word_1_43' title='bbox 517 862 542 920; x_wconf 92' lang='lat' dir='ltr'><strong>si</strong></span> <span class='ocrx_word' id='word_1_44' title='bbox 564 881 632 922; x_wconf 88' lang='lat' dir='ltr'><strong>eum</strong></span> <span class='ocrx_word' id='word_1_45' title='bbox 653 863 802 939; x_wconf 75' lang='lat' dir='ltr'>ligaverit,</span> <span class='ocrx_word' id='word_1_46' title='bbox 825 867 965 922; x_wconf 84' lang='lat' dir='ltr'><strong>teneatur</strong></span> <span class='ocrx_word' id='word_1_47' title='bbox 985 868 1018 922; x_wconf 90' lang='lat' dir='ltr'><strong>ut</strong></span> <span class='ocrx_word' id='word_1_48' title='bbox 1038 864 1077 923; x_wconf 90' lang='lat' dir='ltr'><strong>de</strong></span> <span class='ocrx_word' id='word_1_49' title='bbox 1098 865 1164 924; x_wconf 89' lang='lat' dir='ltr'><strong>aliis</strong></span> <span class='ocrx_word' id='word_1_50' title='bbox 1185 864 1292 925; x_wconf 90' lang='lat' dir='ltr'><strong>bladis.</strong></span> 
     </span>
    </p>
   </div>
   <div class='ocr_carea' id='block_1_2' title="bbox 302 1039 1340 1120">
    <p class='ocr_par' dir='ltr' id='par_1_2' title="bbox 302 1039 1340 1120">
     <span class='ocr_line' id='line_1_6' title="bbox 302 1039 1340 1120; baseline 0.002 -18"><span class='ocrx_word' id='word_1_51' title='bbox 302 1049 313 1102; x_wconf 86' lang='lat'><em>5</em></span> <span class='ocrx_word' id='word_1_52' title='bbox 427 1039 576 1100; x_wconf 80' lang='lat' dir='ltr'><strong>CXXXI.</strong></span> <span class='ocrx_word' id='word_1_53' title='bbox 599 1041 652 1100; x_wconf 87' lang='lat' dir='ltr'><strong>De</strong></span> <span class='ocrx_word' id='word_1_54' title='bbox 673 1055 761 1114; x_wconf 84' lang='lat' dir='ltr'><strong>pena</strong></span> <span class='ocrx_word' id='word_1_55' title='bbox 783 1041 951 1102; x_wconf 87' lang='lat' dir='ltr'><strong>damnum</strong></span> <span class='ocrx_word' id='word_1_56' title='bbox 973 1041 1130 1102; x_wconf 84' lang='lat' dir='ltr'><strong>dantium</strong></span> <span class='ocrx_word' id='word_1_57' title='bbox 1150 1059 1231 1104; x_wconf 90' lang='lat' dir='ltr'><strong>cum</strong></span> <span class='ocrx_word' id='word_1_58' title='bbox 1253 1043 1340 1120; x_wconf 85' lang='lat' dir='ltr'><strong>igne.</strong></span> 
     </span>
    </p>
   </div>
   <div class='ocr_carea' id='block_1_3' title="bbox 286 1209 1654 1985">
    <p class='ocr_par' dir='ltr' id='par_1_3' title="bbox 344 1209 1654 1639">
     <span class='ocr_line' id='line_1_7' title="bbox 424 1209 1652 1293; baseline 0 -24"><span class='ocrx_word' id='word_1_59' title='bbox 424 1209 503 1270; x_wconf 91' lang='lat' dir='ltr'><strong>Item</strong></span> <span class='ocrx_word' id='word_1_60' title='bbox 524 1211 773 1288; x_wconf 82' lang='lat' dir='ltr'><strong>quandocumque</strong></span> <span class='ocrx_word' id='word_1_61' title='bbox 794 1215 824 1270; x_wconf 92' lang='lat' dir='ltr'><strong>et</strong></span> <span class='ocrx_word' id='word_1_62' title='bbox 845 1213 1091 1290; x_wconf 76' lang='lat' dir='ltr'><strong>quotiescumque</strong></span> <span class='ocrx_word' id='word_1_63' title='bbox 1110 1215 1218 1291; x_wconf 90' lang='lat' dir='ltr'><strong>aliquis</strong></span> <span class='ocrx_word' id='word_1_64' title='bbox 1237 1218 1371 1292; x_wconf 75' lang='lat' dir='ltr'><strong>posuerit</strong></span> <span class='ocrx_word' id='word_1_65' title='bbox 1391 1219 1489 1293; x_wconf 86' lang='lat' dir='ltr'><strong>ignem</strong></span> <span class='ocrx_word' id='word_1_66' title='bbox 1507 1217 1537 1274; x_wconf 92' lang='lat' dir='ltr'><strong>in</strong></span> <span class='ocrx_word' id='word_1_67' title='bbox 1567 1215 1652 1288; x_wconf 91' lang='lat' dir='ltr'><strong>aliquo</strong></span> 
     </span>
     <span class='ocr_line' id='line_1_8' title="bbox 345 1327 1653 1409; baseline 0 -23"><span class='ocrx_word' id='word_1_68' title='bbox 345 1327 419 1400; x_wconf 91' lang='lat' dir='ltr'><strong>loco,</strong></span> <span class='ocrx_word' id='word_1_69' title='bbox 442 1332 471 1385; x_wconf 90' lang='lat' dir='ltr'><strong>ot</strong></span> <span class='ocrx_word' id='word_1_70' title='bbox 493 1327 562 1386; x_wconf 89' lang='lat' dir='ltr'><strong>inde</strong></span> <span class='ocrx_word' id='word_1_71' title='bbox 584 1327 727 1386; x_wconf 86' lang='lat' dir='ltr'><strong>damnum</strong></span> <span class='ocrx_word' id='word_1_72' title='bbox 749 1328 869 1404; x_wconf 86' lang='lat' dir='ltr'><strong>aliquod</strong></span> <span class='ocrx_word' id='word_1_73' title='bbox 889 1335 1067 1405; x_wconf 82' lang='lat' dir='ltr'><strong>sequeretur</strong></span> <span class='ocrx_word' id='word_1_74' title='bbox 1088 1331 1136 1391; x_wconf 84' lang='lat' dir='ltr'><strong>vel</strong></span> <span class='ocrx_word' id='word_1_75' title='bbox 1158 1333 1301 1404; x_wconf 88' lang='lat' dir='ltr'><strong>eveniret,</strong></span> <span class='ocrx_word' id='word_1_76' title='bbox 1322 1334 1463 1409; x_wconf 89' lang='lat' dir='ltr'><strong>puniatur</strong></span> <span class='ocrx_word' id='word_1_77' title='bbox 1482 1333 1510 1391; x_wconf 94' lang='lat' dir='ltr'><strong>in</strong></span> <span class='ocrx_word' id='word_1_78' title='bbox 1529 1331 1587 1389; x_wconf 80' lang='lat' dir='ltr'><strong>XL</strong></span> <span class='ocrx_word' id='word_1_79' title='bbox 1614 1349 1653 1386; x_wconf 88' lang='lat' dir='ltr'><strong>so-</strong></span> 
     </span>
     <span class='ocr_line' id='line_1_9' title="bbox 344 1429 1653 1524; baseline 0 -23"><span class='ocrx_word' id='word_1_80' title='bbox 344 1441 422 1516; x_wconf 89' lang='lat' dir='ltr'><strong>lidis,</strong></span> <span class='ocrx_word' id='word_1_81' title='bbox 445 1442 528 1502; x_wconf 87' lang='lat' dir='ltr'><strong>salvo</strong></span> <span class='ocrx_word' id='word_1_82' title='bbox 550 1441 588 1502; x_wconf 93' lang='lat' dir='ltr'><strong>de</strong></span> <span class='ocrx_word' id='word_1_83' title='bbox 609 1441 691 1502; x_wconf 87' lang='lat' dir='ltr'><strong>fumo</strong></span> <span class='ocrx_word' id='word_1_84' title='bbox 713 1443 806 1520; x_wconf 91' lang='lat' dir='ltr'><strong>ipsius</strong></span> <span class='ocrx_word' id='word_1_85' title='bbox 827 1445 915 1520; x_wconf 89' lang='lat' dir='ltr'><strong>ignis,</strong></span> <span class='ocrx_word' id='word_1_86' title='bbox 938 1465 956 1503; x_wconf 89' lang='lat' dir='ltr'><strong>a</strong></span> <span class='ocrx_word' id='word_1_87' title='bbox 977 1465 1035 1520; x_wconf 93' lang='lat' dir='ltr'><strong>quo</strong></span> <span class='ocrx_word' id='word_1_88' title='bbox 1055 1447 1082 1504; x_wconf 91' lang='lat' dir='ltr'><strong>si</strong></span> <span class='ocrx_word' id='word_1_89' title='bbox 1103 1429 1244 1505; x_wconf 80' lang='lat' dir='ltr'><strong>damnum</strong></span> <span class='ocrx_word' id='word_1_90' title='bbox 1267 1448 1390 1524; x_wconf 84' lang='lat' dir='ltr'><strong>aliquod</strong></span> <span class='ocrx_word' id='word_1_91' title='bbox 1410 1452 1584 1524; x_wconf 88' lang='lat' dir='ltr'><strong>sequeretur,</strong></span> <span class='ocrx_word' id='word_1_92' title='bbox 1607 1445 1653 1502; x_wconf 91' lang='lat' dir='ltr'><strong>sol-</strong></span> 
     </span>
     <span class='ocr_line' id='line_1_10' title="bbox 345 1557 1654 1639; baseline 0 -21"><span class='ocrx_word' id='word_1_93' title='bbox 345 1561 397 1618; x_wconf 88' lang='lat' dir='ltr'><strong>vat</strong></span> <span class='ocrx_word' id='word_1_94' title='bbox 416 1562 532 1617; x_wconf 89' lang='lat' dir='ltr'><strong>tantum</strong></span> <span class='ocrx_word' id='word_1_95' title='bbox 553 1557 585 1616; x_wconf 91' lang='lat' dir='ltr'>X</span> <span class='ocrx_word' id='word_1_96' title='bbox 606 1558 725 1617; x_wconf 89' lang='lat' dir='ltr'><strong>solidos.</strong></span> <span class='ocrx_word' id='word_1_97' title='bbox 747 1557 813 1618; x_wconf 87' lang='lat' dir='ltr'><strong>Nisi</strong></span> <span class='ocrx_word' id='word_1_98' title='bbox 838 1559 1015 1636; x_wconf 90' lang='lat' dir='ltr'><strong>delinquens</strong></span> <span class='ocrx_word' id='word_1_99' title='bbox 1039 1563 1173 1637; x_wconf 88' lang='lat' dir='ltr'><strong>posuerit</strong></span> <span class='ocrx_word' id='word_1_100' title='bbox 1186 1562 1379 1638; x_wconf 91' lang='lat' dir='ltr'><strong>negligenter</strong></span> <span class='ocrx_word' id='word_1_101' title='bbox 1393 1565 1489 1639; x_wconf 90' lang='lat' dir='ltr'><strong>ignem</strong></span> <span class='ocrx_word' id='word_1_102' title='bbox 1501 1571 1561 1621; x_wconf 90' lang='lat' dir='ltr'><strong>tam</strong></span> <span class='ocrx_word' id='word_1_103' title='bbox 1574 1577 1654 1637; x_wconf 83' lang='lat' dir='ltr'><strong>prope</strong></span> 
     </span>
    </p>

    <p class='ocr_par' dir='ltr' id='par_1_4' title="bbox 286 1671 1654 1985">
     <span class='ocr_line' id='line_1_11' title="bbox 286 1671 1652 1751; baseline -0.001 -19"><span class='ocrx_word' id='word_1_104' title='bbox 286 1685 318 1724; x_wconf 87' lang='lat'><strong>10</strong></span> <span class='ocrx_word' id='word_1_105' title='bbox 343 1671 455 1732; x_wconf 90' lang='lat' dir='ltr'><strong>ubisit</strong></span> <span class='ocrx_word' id='word_1_106' title='bbox 475 1673 589 1732; x_wconf 89' lang='lat' dir='ltr'><strong>dictum</strong></span> <span class='ocrx_word' id='word_1_107' title='bbox 610 1673 752 1734; x_wconf 88' lang='lat' dir='ltr'><strong>damnum</strong></span> <span class='ocrx_word' id='word_1_108' title='bbox 772 1675 851 1751; x_wconf 88' lang='lat' dir='ltr'><strong>quod</strong></span> <span class='ocrx_word' id='word_1_109' title='bbox 872 1673 973 1735; x_wconf 88' lang='lat' dir='ltr'><strong>fumus</strong></span> <span class='ocrx_word' id='word_1_110' title='bbox 993 1678 1162 1736; x_wconf 88' lang='lat' dir='ltr'><strong>necessario</strong></span> <span class='ocrx_word' id='word_1_111' title='bbox 1184 1676 1290 1736; x_wconf 88' lang='lat' dir='ltr'><strong>fecerit</strong></span> <span class='ocrx_word' id='word_1_112' title='bbox 1311 1678 1424 1738; x_wconf 89' lang='lat' dir='ltr'><strong>dictum</strong></span> <span class='ocrx_word' id='word_1_113' title='bbox 1445 1678 1599 1748; x_wconf 90' lang='lat' dir='ltr'><strong>damnum,</strong></span> <span class='ocrx_word' id='word_1_114' title='bbox 1627 1676 1652 1731; x_wconf 88' lang='lat' dir='ltr'><strong>in</strong></span> 
     </span>
     <span class='ocr_line' id='line_1_12' title="bbox 344 1789 1654 1869; baseline -0.002 -19"><span class='ocrx_word' id='word_1_115' title='bbox 344 1810 402 1866; x_wconf 91' lang='lat' dir='ltr'><strong>quo</strong></span> <span class='ocrx_word' id='word_1_116' title='bbox 423 1809 492 1850; x_wconf 84' lang='lat' dir='ltr'><strong>caso</strong></span> <span class='ocrx_word' id='word_1_117' title='bbox 514 1789 692 1867; x_wconf 86' lang='lat' dir='ltr'><strong>delinquens</strong></span> <span class='ocrx_word' id='word_1_118' title='bbox 712 1793 855 1869; x_wconf 89' lang='lat' dir='ltr'><strong>puniatur</strong></span> <span class='ocrx_word' id='word_1_119' title='bbox 874 1797 909 1850; x_wconf 89' lang='lat' dir='ltr'><strong>ut</strong></span> <span class='ocrx_word' id='word_1_120' title='bbox 928 1811 1020 1868; x_wconf 88' lang='lat' dir='ltr'><strong>supra</strong></span> <span class='ocrx_word' id='word_1_121' title='bbox 1040 1793 1072 1850; x_wconf 93' lang='lat' dir='ltr'><strong>in</strong></span> <span class='ocrx_word' id='word_1_122' title='bbox 1093 1793 1152 1851; x_wconf 86' lang='lat' dir='ltr'><strong>XL</strong></span> <span class='ocrx_word' id='word_1_123' title='bbox 1173 1793 1285 1852; x_wconf 90' lang='lat' dir='ltr'><strong>solidis.</strong></span> <span class='ocrx_word' id='word_1_124' title='bbox 1307 1793 1347 1851; x_wconf 87' lang='lat' dir='ltr'><strong>Et</strong></span> <span class='ocrx_word' id='word_1_125' title='bbox 1368 1794 1400 1852; x_wconf 89' lang='lat' dir='ltr'><strong>in</strong></span> <span class='ocrx_word' id='word_1_126' title='bbox 1421 1793 1550 1855; x_wconf 88' lang='lat' dir='ltr'><strong>omnibus</strong></span> <span class='ocrx_word' id='word_1_127' title='bbox 1563 1810 1654 1869; x_wconf 89' lang='lat' dir='ltr'><strong>supra·</strong></span> 
     </span>
     <span class='ocr_line' id='line_1_13' title="bbox 345 1905 1247 1985; baseline 0.004 -21"><span class='ocrx_word' id='word_1_128' title='bbox 345 1905 432 1966; x_wconf 91' lang='lat' dir='ltr'><strong>dictis</strong></span> <span class='ocrx_word' id='word_1_129' title='bbox 453 1905 573 1966; x_wconf 87' lang='lat' dir='ltr'><strong>casibus</strong></span> <span class='ocrx_word' id='word_1_130' title='bbox 594 1906 771 1983; x_wconf 88' lang='lat' dir='ltr'><strong>delinquens</strong></span> <span class='ocrx_word' id='word_1_131' title='bbox 793 1906 936 1966; x_wconf 90' lang='lat' dir='ltr'><strong>damnum</strong></span> <span class='ocrx_word' id='word_1_132' title='bbox 956 1909 1077 1985; x_wconf 88' lang='lat' dir='ltr'><strong>penitus</strong></span> <span class='ocrx_word' id='word_1_133' title='bbox 1098 1909 1247 1968; x_wconf 90' lang='lat' dir='ltr'><strong>emendet.</strong></span> 
     </span>
    </p>
   </div>
   <div class='ocr_carea' id='block_1_4' title="bbox 424 2085 830 2161">
    <p class='ocr_par' dir='ltr' id='par_1_5' title="bbox 424 2085 830 2161">
     <span class='ocr_line' id='line_1_14' title="bbox 424 2085 830 2161; baseline 0 -15"><span class='ocrx_word' id='word_1_134' title='bbox 424 2085 590 2146; x_wconf 79' lang='lat' dir='ltr'><strong>CXXXII.</strong></span> <span class='ocrx_word' id='word_1_135' title='bbox 612 2088 665 2147; x_wconf 85' lang='lat' dir='ltr'><strong>De</strong></span> <span class='ocrx_word' id='word_1_136' title='bbox 686 2085 830 2161; x_wconf 81' lang='lat' dir='ltr'><strong>stipulis</strong></span> 
     </span>
    </p>
   </div>
   <div class='ocr_carea' id='block_1_5' title="bbox 286 2251 1654 2682">
    <p class='ocr_par' dir='ltr' id='par_1_6' title="bbox 426 2251 1649 2334">
     <span class='ocr_line' id='line_1_15' title="bbox 426 2251 1649 2334; baseline -0.005 -20"><span class='ocrx_word' id='word_1_137' title='bbox 426 2255 505 2316; x_wconf 89' lang='lat' dir='ltr'><strong>Item</strong></span> <span class='ocrx_word' id='word_1_138' title='bbox 527 2255 607 2332; x_wconf 90' lang='lat' dir='ltr'><strong>quod</strong></span> <span class='ocrx_word' id='word_1_139' title='bbox 627 2257 742 2315; x_wconf 89' lang='lat' dir='ltr'><strong>licitum</strong></span> <span class='ocrx_word' id='word_1_140' title='bbox 762 2257 802 2314; x_wconf 89' lang='lat' dir='ltr'><strong>sit</strong></span> <span class='ocrx_word' id='word_1_141' title='bbox 822 2257 983 2331; x_wconf 90' lang='lat' dir='ltr'><strong>unicuique</strong></span> <span class='ocrx_word' id='word_1_142' title='bbox 1004 2275 1127 2334; x_wconf 77' lang='lat' dir='ltr'><strong>parcere</strong></span> <span class='ocrx_word' id='word_1_143' title='bbox 1148 2275 1216 2315; x_wconf 89' lang='lat' dir='ltr'><strong>oum</strong></span> <span class='ocrx_word' id='word_1_144' title='bbox 1237 2254 1475 2332; x_wconf 86' lang='lat' dir='ltr'><strong>quibuscumque</strong></span> <span class='ocrx_word' id='word_1_145' title='bbox 1503 2254 1598 2314; x_wconf 89' lang='lat' dir='ltr'><strong>bestiis</strong></span> <span class='ocrx_word' id='word_1_146' title='bbox 1624 2251 1649 2307; x_wconf 92' lang='lat' dir='ltr'><strong>in</strong></span> 
     </span>
    </p>

    <p class='ocr_par' dir='ltr' id='par_1_7' title="bbox 286 2369 1654 2450">
     <span class='ocr_line' id='line_1_16' title="bbox 286 2369 1654 2450; baseline -0.009 -13"><span class='ocrx_word' id='word_1_147' title='bbox 286 2385 315 2437; x_wconf 81' lang='lat'><strong>15</strong></span> <span class='ocrx_word' id='word_1_148' title='bbox 344 2373 463 2450; x_wconf 91' lang='lat' dir='ltr'><strong>stipulis</strong></span> <span class='ocrx_word' id='word_1_149' title='bbox 483 2371 588 2432; x_wconf 88' lang='lat' dir='ltr'><strong>hordei</strong></span> <span class='ocrx_word' id='word_1_150' title='bbox 609 2377 640 2432; x_wconf 94' lang='lat' dir='ltr'><strong>et</strong></span> <span class='ocrx_word' id='word_1_151' title='bbox 659 2371 802 2431; x_wconf 88' lang='lat' dir='ltr'><strong>frumenti</strong></span> <span class='ocrx_word' id='word_1_152' title='bbox 824 2377 854 2430; x_wconf 95' lang='lat' dir='ltr'><strong>et</strong></span> <span class='ocrx_word' id='word_1_153' title='bbox 875 2370 1034 2430; x_wconf 87' lang='lat' dir='ltr'><strong>cuiuslibet</strong></span> <span class='ocrx_word' id='word_1_154' title='bbox 1055 2370 1146 2444; x_wconf 90' lang='lat' dir='ltr'><strong>bladi,</strong></span> <span class='ocrx_word' id='word_1_155' title='bbox 1168 2373 1270 2430; x_wconf 85' lang='lat' dir='ltr'><strong>statim</strong></span> <span class='ocrx_word' id='word_1_156' title='bbox 1291 2371 1371 2447; x_wconf 89' lang='lat' dir='ltr'><strong>quod</strong></span> <span class='ocrx_word' id='word_1_157' title='bbox 1395 2370 1582 2448; x_wconf 83' lang='lat' dir='ltr'><strong>dictastipule</strong></span> <span class='ocrx_word' id='word_1_158' title='bbox 1595 2369 1654 2426; x_wconf 82' lang='lat' dir='ltr'><strong>sunt</strong></span> 
     </span>
    </p>

    <p class='ocr_par' dir='ltr' id='par_1_8' title="bbox 344 2486 1651 2682">
     <span class='ocr_line' id='line_1_17' title="bbox 344 2486 1651 2566; baseline -0.003 -19"><span class='ocrx_word' id='word_1_159' title='bbox 344 2489 484 2550; x_wconf 87' lang='lat' dir='ltr'><strong>alleviato</strong></span> <span class='ocrx_word' id='word_1_160' title='bbox 505 2489 578 2566; x_wconf 90' lang='lat' dir='ltr'><strong>ipsis</strong></span> <span class='ocrx_word' id='word_1_161' title='bbox 599 2488 705 2562; x_wconf 85' lang='lat' dir='ltr'><strong>bladis,</strong></span> <span class='ocrx_word' id='word_1_162' title='bbox 728 2509 789 2548; x_wconf 94' lang='lat' dir='ltr'><strong>non</strong></span> <span class='ocrx_word' id='word_1_163' title='bbox 809 2488 909 2548; x_wconf 88' lang='lat' dir='ltr'><strong>dando</strong></span> <span class='ocrx_word' id='word_1_164' title='bbox 931 2488 1074 2546; x_wconf 90' lang='lat' dir='ltr'><strong>damnum</strong></span> <span class='ocrx_word' id='word_1_165' title='bbox 1094 2490 1160 2548; x_wconf 89' lang='lat' dir='ltr'><strong>sine</strong></span> <span class='ocrx_word' id='word_1_166' title='bbox 1180 2506 1259 2564; x_wconf 90' lang='lat' dir='ltr'><strong>pena</strong></span> <span class='ocrx_word' id='word_1_167' title='bbox 1274 2488 1384 2563; x_wconf 88' lang='lat' dir='ltr'><strong>aliqua.</strong></span> <span class='ocrx_word' id='word_1_168' title='bbox 1399 2487 1432 2546; x_wconf 84' lang='lat' dir='ltr'><strong>Si</strong></span> <span class='ocrx_word' id='word_1_169' title='bbox 1446 2507 1514 2548; x_wconf 91' lang='lat' dir='ltr'><strong>vero</strong></span> <span class='ocrx_word' id='word_1_170' title='bbox 1528 2486 1651 2544; x_wconf 85' lang='lat' dir='ltr'><strong>damnum</strong></span> 
     </span>
     <span class='ocr_line' id='line_1_18' title="bbox 346 2603 1250 2682; baseline 0 -20"><span class='ocrx_word' id='word_1_171' title='bbox 346 2603 493 2678; x_wconf 88' lang='lat' dir='ltr'><strong>dederint,</strong></span> <span class='ocrx_word' id='word_1_172' title='bbox 515 2605 679 2682; x_wconf 86' lang='lat' dir='ltr'><strong>puniantur</strong></span> <span class='ocrx_word' id='word_1_173' title='bbox 700 2609 845 2682; x_wconf 89' lang='lat' dir='ltr'><strong>utsupra</strong></span> <span class='ocrx_word' id='word_1_174' title='bbox 866 2608 896 2663; x_wconf 93' lang='lat' dir='ltr'><strong>et</strong></span> <span class='ocrx_word' id='word_1_175' title='bbox 917 2604 1059 2663; x_wconf 90' lang='lat' dir='ltr'><strong>damnum</strong></span> <span class='ocrx_word' id='word_1_176' title='bbox 1081 2603 1250 2662; x_wconf 88' lang='lat' dir='ltr'><strong>emendent.</strong></span> 
     </span>
    </p>
   </div>
   <div class='ocr_carea' id='block_1_6' title="bbox 424 2781 1250 2858">
    <p class='ocr_par' dir='ltr' id='par_1_9' title="bbox 424 2781 1250 2858">
     <span class='ocr_line' id='line_1_19' title="bbox 424 2781 1250 2858; baseline -0.001 -15"><span class='ocrx_word' id='word_1_177' title='bbox 424 2783 609 2844; x_wconf 80' lang='lat' dir='ltr'><strong>CXXXIII.</strong></span> <span class='ocrx_word' id='word_1_178' title='bbox 631 2785 683 2843; x_wconf 88' lang='lat' dir='ltr'><strong>De</strong></span> <span class='ocrx_word' id='word_1_179' title='bbox 705 2781 907 2858; x_wconf 86' lang='lat' dir='ltr'><strong>inquirendo</strong></span> <span class='ocrx_word' id='word_1_180' title='bbox 930 2783 971 2842; x_wconf 86' lang='lat' dir='ltr'><strong>de</strong></span> <span class='ocrx_word' id='word_1_181' title='bbox 993 2781 1130 2842; x_wconf 80' lang='lat' dir='ltr'><strong>damnis</strong></span> <span class='ocrx_word' id='word_1_182' title='bbox 1152 2781 1250 2842; x_wconf 86' lang='lat' dir='ltr'><strong>datis.</strong></span> 
     </span>
    </p>
   </div>
   <div class='ocr_carea' id='block_1_7' title="bbox 283 2937 1700 4418">
    <p class='ocr_par' dir='ltr' id='par_1_10' title="bbox 283 2937 1700 4418">
     <span class='ocr_line' id='line_1_20' title="bbox 424 2937 1654 3026; baseline -0.003 -18"><span class='ocrx_word' id='word_1_183' title='bbox 424 2949 502 3010; x_wconf 90' lang='lat' dir='ltr'><strong>Item</strong></span> <span class='ocrx_word' id='word_1_184' title='bbox 523 2950 603 3026; x_wconf 91' lang='lat' dir='ltr'><strong>quod</strong></span> <span class='ocrx_word' id='word_1_185' title='bbox 624 2951 804 3009; x_wconf 87' lang='lat' dir='ltr'><strong>castellanus</strong></span> <span class='ocrx_word' id='word_1_186' title='bbox 835 2969 888 3009; x_wconf 91' lang='lat' dir='ltr'><strong>seu</strong></span> <span class='ocrx_word' id='word_1_187' title='bbox 919 2948 1013 3010; x_wconf 88' lang='lat' dir='ltr'><strong>balivi</strong></span> <span class='ocrx_word' id='word_1_188' title='bbox 1043 2953 1203 3008; x_wconf 89' lang='lat' dir='ltr'><strong>teneantur</strong></span> <span class='ocrx_word' id='word_1_189' title='bbox 1232 2956 1263 3008; x_wconf 90' lang='lat' dir='ltr'><strong>et</strong></span> <span class='ocrx_word' id='word_1_190' title='bbox 1294 2946 1426 3007; x_wconf 87' lang='lat' dir='ltr'><strong>debeant</strong></span> <span class='ocrx_word' id='word_1_191' title='bbox 1456 2948 1596 3024; x_wconf 85' lang='lat' dir='ltr'><strong>inquirere</strong></span> <span class='ocrx_word' id='word_1_192' title='bbox 1623 2937 1654 2998; x_wconf 73' lang='lat' dir='ltr'><strong>td</strong></span> 
     </span>
     <span class='ocr_line' id='line_1_21' title="bbox 283 3059 1650 3155; baseline -0.009 -28"><span class='ocrx_word' id='word_1_193' title='bbox 283 3087 319 3127; x_wconf 88' lang='lat'><strong>20</strong></span> <span class='ocrx_word' id='word_1_194' title='bbox 345 3068 520 3155; x_wconf 86' lang='lat' dir='ltr'><strong>petitionem</strong></span> <span class='ocrx_word' id='word_1_195' title='bbox 540 3065 700 3126; x_wconf 89' lang='lat' dir='ltr'><strong>cuiuslibet</strong></span> <span class='ocrx_word' id='word_1_196' title='bbox 719 3068 850 3143; x_wconf 89' lang='lat' dir='ltr'><strong>petentis</strong></span> <span class='ocrx_word' id='word_1_197' title='bbox 871 3065 909 3125; x_wconf 92' lang='lat' dir='ltr'><strong>de</strong></span> <span class='ocrx_word' id='word_1_198' title='bbox 930 3065 1039 3124; x_wconf 88' lang='lat' dir='ltr'><strong>damno</strong></span> <span class='ocrx_word' id='word_1_199' title='bbox 1060 3085 1115 3125; x_wconf 88' lang='lat' dir='ltr'><strong>seu</strong></span> <span class='ocrx_word' id='word_1_200' title='bbox 1135 3069 1242 3142; x_wconf 84' lang='lat' dir='ltr'><strong>guasto</strong></span> <span class='ocrx_word' id='word_1_201' title='bbox 1267 3065 1350 3124; x_wconf 91' lang='lat' dir='ltr'><strong>illato</strong></span> <span class='ocrx_word' id='word_1_202' title='bbox 1371 3069 1434 3122; x_wconf 91' lang='lat' dir='ltr'><strong>tam</strong></span> <span class='ocrx_word' id='word_1_203' title='bbox 1465 3082 1519 3142; x_wconf 90' lang='lat' dir='ltr'><strong>per</strong></span> <span class='ocrx_word' id='word_1_204' title='bbox 1548 3059 1650 3126; x_wconf 88' lang='lat' dir='ltr'><strong>bestiae,</strong></span> 
     </span>
     <span class='ocr_line' id='line_1_22' title="bbox 346 3143 1700 3260; baseline -0.005 -18"><span class='ocrx_word' id='word_1_205' title='bbox 346 3203 435 3260; x_wconf 90' lang='lat' dir='ltr'><strong>quam</strong></span> <span class='ocrx_word' id='word_1_206' title='bbox 455 3204 510 3260; x_wconf 91' lang='lat' dir='ltr'><strong>per</strong></span> <span class='ocrx_word' id='word_1_207' title='bbox 529 3183 673 3255; x_wconf 89' lang='lat' dir='ltr'><strong>homines,</strong></span> <span class='ocrx_word' id='word_1_208' title='bbox 696 3189 726 3240; x_wconf 91' lang='lat' dir='ltr'><strong>et</strong></span> <span class='ocrx_word' id='word_1_209' title='bbox 747 3181 835 3240; x_wconf 88' lang='lat' dir='ltr'><strong>liceat</strong></span> <span class='ocrx_word' id='word_1_210' title='bbox 856 3183 899 3240; x_wconf 90' lang='lat' dir='ltr'><strong>eis</strong></span> <span class='ocrx_word' id='word_1_211' title='bbox 921 3181 1072 3256; x_wconf 87' lang='lat' dir='ltr'><strong>inquirere</strong></span> <span class='ocrx_word' id='word_1_212' title='bbox 1103 3181 1129 3239; x_wconf 89' lang='lat' dir='ltr'><strong>si</strong></span> <span class='ocrx_word' id='word_1_213' title='bbox 1158 3180 1375 3257; x_wconf 89' lang='lat' dir='ltr'><strong>proclamatum</strong></span> <span class='ocrx_word' id='word_1_214' title='bbox 1405 3177 1506 3252; x_wconf 90' lang='lat' dir='ltr'><strong>fuerit,</strong></span> <span class='ocrx_word' id='word_1_215' title='bbox 1526 3179 1565 3236; x_wconf 90' lang='lat' dir='ltr'><strong>ita</strong></span> <span class='ocrx_word' id='word_1_216' title='bbox 1588 3166 1653 3250; x_wconf 75' lang='lat' dir='ltr'><strong>quod</strong></span> <span class='ocrx_word' id='word_1_217' title='bbox 1699 3143 1700 3174; x_wconf 47' lang='lat' dir='ltr'><strong>l</strong></span> 
     </span>
     <span class='ocr_line' id='line_1_23' title="bbox 346 3294 1700 3384; baseline -0.009 -25"><span class='ocrx_word' id='word_1_218' title='bbox 346 3300 488 3359; x_wconf 90' lang='lat' dir='ltr'><strong>damnum</strong></span> <span class='ocrx_word' id='word_1_219' title='bbox 509 3300 616 3358; x_wconf 90' lang='lat' dir='ltr'><strong>dantes</strong></span> <span class='ocrx_word' id='word_1_220' title='bbox 636 3299 828 3358; x_wconf 86' lang='lat' dir='ltr'><strong>inveniantur</strong></span> <span class='ocrx_word' id='word_1_221' title='bbox 849 3298 874 3357; x_wconf 90' lang='lat' dir='ltr'><strong>si</strong></span> <span class='ocrx_word' id='word_1_222' title='bbox 894 3295 960 3356; x_wconf 90' lang='lat' dir='ltr'><strong>fieri</strong></span> <span class='ocrx_word' id='word_1_223' title='bbox 980 3301 1089 3374; x_wconf 86' lang='lat' dir='ltr'><strong>potest.</strong></span> <span class='ocrx_word' id='word_1_224' title='bbox 1110 3298 1150 3355; x_wconf 86' lang='lat' dir='ltr'><strong>Et</strong></span> <span class='ocrx_word' id='word_1_225' title='bbox 1171 3296 1252 3373; x_wconf 92' lang='lat' dir='ltr'><strong>quod</strong></span> <span class='ocrx_word' id='word_1_226' title='bbox 1272 3299 1374 3356; x_wconf 89' lang='lat' dir='ltr'><strong>statim</strong></span> <span class='ocrx_word' id='word_1_227' title='bbox 1408 3297 1505 3374; x_wconf 89' lang='lat' dir='ltr'><strong>posito</strong></span> <span class='ocrx_word' id='word_1_228' title='bbox 1535 3294 1652 3355; x_wconf 79' lang='lat' dir='ltr'><strong>clamore,</strong></span> <span class='ocrx_word' id='word_1_229' title='bbox 1699 3309 1700 3384; x_wconf 61' lang='lat' dir='ltr'><strong>q</strong></span> 
     </span>
     <span class='ocr_line' id='line_1_24' title="bbox 344 3402 1653 3474; baseline -0.005 0"><span class='ocrx_word' id='word_1_230' title='bbox 344 3416 503 3474; x_wconf 85' lang='lat' dir='ltr'><strong>mittantur</strong></span> <span class='ocrx_word' id='word_1_231' title='bbox 522 3414 661 3474; x_wconf 81' lang='lat' dir='ltr'><strong>custodes</strong></span> <span class='ocrx_word' id='word_1_232' title='bbox 683 3413 721 3472; x_wconf 89' lang='lat' dir='ltr'><strong>ad</strong></span> <span class='ocrx_word' id='word_1_233' title='bbox 743 3413 907 3473; x_wconf 87' lang='lat' dir='ltr'><strong>videndum</strong></span> <span class='ocrx_word' id='word_1_234' title='bbox 928 3416 958 3472; x_wconf 90' lang='lat' dir='ltr'><strong>et</strong></span> <span class='ocrx_word' id='word_1_235' title='bbox 979 3412 1186 3471; x_wconf 85' lang='lat' dir='ltr'><strong>extimendum</strong></span> <span class='ocrx_word' id='word_1_236' title='bbox 1208 3412 1351 3471; x_wconf 89' lang='lat' dir='ltr'><strong>damnum</strong></span> <span class='ocrx_word' id='word_1_237' title='bbox 1373 3411 1488 3470; x_wconf 88' lang='lat' dir='ltr'><strong>datum.</strong></span> <span class='ocrx_word' id='word_1_238' title='bbox 1509 3409 1589 3471; x_wconf 85' lang='lat' dir='ltr'><strong>Etsi</strong></span> <span class='ocrx_word' id='word_1_239' title='bbox 1614 3402 1653 3461; x_wconf 68' lang='lat' dir='ltr'><strong>dt</strong></span> 
     </span>
     <span class='ocr_line' id='line_1_25' title="bbox 343 3525 1654 3608; baseline -0.008 -18"><span class='ocrx_word' id='word_1_240' title='bbox 343 3532 514 3608; x_wconf 89' lang='lat' dir='ltr'><strong>linquentes</strong></span> <span class='ocrx_word' id='word_1_241' title='bbox 534 3531 719 3608; x_wconf 88' lang='lat' dir='ltr'><strong>reperierint,</strong></span> <span class='ocrx_word' id='word_1_242' title='bbox 742 3536 772 3588; x_wconf 93' lang='lat' dir='ltr'><strong>et</strong></span> <span class='ocrx_word' id='word_1_243' title='bbox 793 3529 936 3588; x_wconf 88' lang='lat' dir='ltr'><strong>damnum</strong></span> <span class='ocrx_word' id='word_1_244' title='bbox 957 3530 1120 3587; x_wconf 86' lang='lat' dir='ltr'><strong>excesserit</strong></span> <span class='ocrx_word' id='word_1_245' title='bbox 1139 3529 1273 3589; x_wconf 82' lang='lat' dir='ltr'><strong>valorem</strong></span> <span class='ocrx_word' id='word_1_246' title='bbox 1293 3527 1341 3588; x_wconf 88' lang='lat' dir='ltr'><strong>VI</strong></span> <span class='ocrx_word' id='word_1_247' title='bbox 1363 3526 1569 3599; x_wconf 87' lang='lat' dir='ltr'><strong>denariorum,</strong></span> <span class='ocrx_word' id='word_1_248' title='bbox 1588 3525 1654 3600; x_wconf 81' lang='lat' dir='ltr'><strong>ipsos</strong></span> 
     </span>
     <span class='ocr_line' id='line_1_26' title="bbox 283 3641 1654 3727; baseline -0.004 -24"><span class='ocrx_word' id='word_1_249' title='bbox 283 3663 315 3716; x_wconf 84' lang='lat'><strong>25</strong></span> <span class='ocrx_word' id='word_1_250' title='bbox 344 3649 472 3727; x_wconf 87' lang='lat' dir='ltr'><strong>puniant</strong></span> <span class='ocrx_word' id='word_1_251' title='bbox 491 3652 525 3706; x_wconf 89' lang='lat' dir='ltr'><strong>ut</strong></span> <span class='ocrx_word' id='word_1_252' title='bbox 545 3648 577 3706; x_wconf 92' lang='lat' dir='ltr'><strong>in</strong></span> <span class='ocrx_word' id='word_1_253' title='bbox 597 3644 801 3723; x_wconf 89' lang='lat' dir='ltr'><strong>superioribus</strong></span> <span class='ocrx_word' id='word_1_254' title='bbox 822 3645 960 3722; x_wconf 74' lang='lat' dir='ltr'><strong>capitulis</strong></span> <span class='ocrx_word' id='word_1_255' title='bbox 981 3643 1169 3715; x_wconf 88' lang='lat' dir='ltr'><strong>continetur,</strong></span> <span class='ocrx_word' id='word_1_256' title='bbox 1195 3641 1337 3704; x_wconf 88' lang='lat' dir='ltr'><strong>videlicet</strong></span> <span class='ocrx_word' id='word_1_257' title='bbox 1351 3695 1352 3698; x_wconf 70' lang='grc'>,</span> <span class='ocrx_word' id='word_1_258' title='bbox 1365 3644 1397 3701; x_wconf 95' lang='lat' dir='ltr'><strong>in</strong></span> <span class='ocrx_word' id='word_1_259' title='bbox 1428 3642 1455 3702; x_wconf 90' lang='lat' dir='ltr'><strong>V</strong></span> <span class='ocrx_word' id='word_1_260' title='bbox 1488 3641 1587 3702; x_wconf 88' lang='lat' dir='ltr'><strong>solidis</strong></span> <span class='ocrx_word' id='word_1_261' title='bbox 1613 3650 1654 3712; x_wconf 69' lang='lat' dir='ltr'><strong>per</strong></span> 
     </span>
     <span class='ocr_line' id='line_1_27' title="bbox 343 3756 1653 3842; baseline -0.012 -19"><span class='ocrx_word' id='word_1_262' title='bbox 343 3768 494 3842; x_wconf 88' lang='lat' dir='ltr'><strong>pastorem</strong></span> <span class='ocrx_word' id='word_1_263' title='bbox 515 3764 552 3822; x_wconf 91' lang='lat' dir='ltr'><strong>de</strong></span> <span class='ocrx_word' id='word_1_264' title='bbox 574 3762 631 3833; x_wconf 89' lang='lat' dir='ltr'><strong>die,</strong></span> <span class='ocrx_word' id='word_1_265' title='bbox 653 3760 742 3820; x_wconf 86' lang='lat' dir='ltr'><strong>etde</strong></span> <span class='ocrx_word' id='word_1_266' title='bbox 763 3765 850 3819; x_wconf 90' lang='lat' dir='ltr'><strong>nocte</strong></span> <span class='ocrx_word' id='word_1_267' title='bbox 870 3761 901 3818; x_wconf 92' lang='lat' dir='ltr'><strong>in</strong></span> <span class='ocrx_word' id='word_1_268' title='bbox 923 3758 1047 3837; x_wconf 88' lang='lat' dir='ltr'><strong>duplum</strong></span> <span class='ocrx_word' id='word_1_269' title='bbox 1068 3762 1222 3835; x_wconf 91' lang='lat' dir='ltr'><strong>utsupra,</strong></span> <span class='ocrx_word' id='word_1_270' title='bbox 1244 3767 1274 3817; x_wconf 90' lang='lat' dir='ltr'><strong>et</strong></span> <span class='ocrx_word' id='word_1_271' title='bbox 1295 3758 1439 3817; x_wconf 91' lang='lat' dir='ltr'><strong>damnum</strong></span> <span class='ocrx_word' id='word_1_272' title='bbox 1451 3756 1561 3816; x_wconf 86' lang='lat' dir='ltr'><strong>faciant</strong></span> <span class='ocrx_word' id='word_1_273' title='bbox 1573 3767 1653 3813; x_wconf 87' lang='lat' dir='ltr'><strong>emen·</strong></span> 
     </span>
     <span class='ocr_line' id='line_1_28' title="bbox 345 3871 1653 3950; baseline -0.012 -13"><span class='ocrx_word' id='word_1_274' title='bbox 345 3879 425 3939; x_wconf 92' lang='lat' dir='ltr'><strong>dare.</strong></span> <span class='ocrx_word' id='word_1_275' title='bbox 448 3880 481 3939; x_wconf 83' lang='lat' dir='ltr'><strong>Si</strong></span> <span class='ocrx_word' id='word_1_276' title='bbox 502 3899 572 3940; x_wconf 91' lang='lat' dir='ltr'><strong>vero</strong></span> <span class='ocrx_word' id='word_1_277' title='bbox 595 3877 736 3936; x_wconf 89' lang='lat' dir='ltr'><strong>damnum</strong></span> <span class='ocrx_word' id='word_1_278' title='bbox 757 3896 817 3934; x_wconf 89' lang='lat' dir='ltr'><strong>non</strong></span> <span class='ocrx_word' id='word_1_279' title='bbox 838 3875 1000 3933; x_wconf 87' lang='lat' dir='ltr'><strong>excesserit</strong></span> <span class='ocrx_word' id='word_1_280' title='bbox 1020 3875 1217 3949; x_wconf 74' lang='lat' dir='ltr'><strong>quantitatem</strong></span> <span class='ocrx_word' id='word_1_281' title='bbox 1237 3872 1411 3950; x_wconf 88' lang='lat' dir='ltr'><strong>predictam,</strong></span> <span class='ocrx_word' id='word_1_282' title='bbox 1428 3871 1653 3948; x_wconf 84' lang='lat' dir='ltr'><strong>delinquensnou</strong></span> 
     </span>
     <span class='ocr_line' id='line_1_29' title="bbox 344 3987 1654 4070; baseline -0.009 -18"><span class='ocrx_word' id='word_1_283' title='bbox 344 3999 483 4054; x_wconf 86' lang='lat' dir='ltr'><strong>teneatur</strong></span> <span class='ocrx_word' id='word_1_284' title='bbox 503 3994 542 4052; x_wconf 88' lang='lat' dir='ltr'><strong>ad</strong></span> <span class='ocrx_word' id='word_1_285' title='bbox 562 4012 679 4070; x_wconf 89' lang='lat' dir='ltr'><strong>penam,</strong></span> <span class='ocrx_word' id='word_1_286' title='bbox 702 3992 760 4049; x_wconf 89' lang='lat' dir='ltr'><strong>nisi</strong></span> <span class='ocrx_word' id='word_1_287' title='bbox 780 3993 922 4050; x_wconf 89' lang='lat' dir='ltr'><strong>inventus</strong></span> <span class='ocrx_word' id='word_1_288' title='bbox 944 3990 1077 4049; x_wconf 90' lang='lat' dir='ltr'><strong>extiterit</strong></span> <span class='ocrx_word' id='word_1_289' title='bbox 1097 4008 1152 4065; x_wconf 91' lang='lat' dir='ltr'><strong>per</strong></span> <span class='ocrx_word' id='word_1_290' title='bbox 1172 3988 1336 4048; x_wconf 86' lang='lat' dir='ltr'><strong>custodem.</strong></span> <span class='ocrx_word' id='word_1_291' title='bbox 1357 3987 1396 4045; x_wconf 91' lang='lat' dir='ltr'><strong>In</strong></span> <span class='ocrx_word' id='word_1_292' title='bbox 1417 4006 1476 4062; x_wconf 89' lang='lat' dir='ltr'><strong>quo</strong></span> <span class='ocrx_word' id='word_1_293' title='bbox 1491 4005 1560 4045; x_wconf 89' lang='lat' dir='ltr'><strong>casu</strong></span> <span class='ocrx_word' id='word_1_294' title='bbox 1573 3996 1654 4058; x_wconf 82' lang='lat' dir='ltr'><strong>quam·</strong></span> 
     </span>
     <span class='ocr_line' id='line_1_30' title="bbox 344 4104 1653 4184; baseline -0.011 -14"><span class='ocrx_word' id='word_1_295' title='bbox 344 4112 391 4170; x_wconf 89' lang='lat' dir='ltr'><strong>vis</strong></span> <span class='ocrx_word' id='word_1_296' title='bbox 413 4110 523 4169; x_wconf 91' lang='lat' dir='ltr'><strong>dictam</strong></span> <span class='ocrx_word' id='word_1_297' title='bbox 544 4110 741 4184; x_wconf 89' lang='lat' dir='ltr'><strong>quantitatem</strong></span> <span class='ocrx_word' id='word_1_298' title='bbox 763 4106 906 4165; x_wconf 87' lang='lat' dir='ltr'><strong>damnum</strong></span> <span class='ocrx_word' id='word_1_299' title='bbox 926 4126 986 4165; x_wconf 88' lang='lat' dir='ltr'><strong>non</strong></span> <span class='ocrx_word' id='word_1_300' title='bbox 1008 4105 1142 4179; x_wconf 89' lang='lat' dir='ltr'><strong>excedat,</strong></span> <span class='ocrx_word' id='word_1_301' title='bbox 1165 4109 1304 4164; x_wconf 89' lang='lat' dir='ltr'><strong>teneatur</strong></span> <span class='ocrx_word' id='word_1_302' title='bbox 1323 4104 1349 4162; x_wconf 92' lang='lat' dir='ltr'><strong>si</strong></span> <span class='ocrx_word' id='word_1_303' title='bbox 1361 4107 1519 4161; x_wconf 86' lang='lat' dir='ltr'><strong>accusetur</strong></span> <span class='ocrx_word' id='word_1_304' title='bbox 1532 4112 1653 4178; x_wconf 82' lang='lat' dir='ltr'><strong>pereum·</strong></span> 
     </span>
     <span class='ocr_line' id='line_1_31' title="bbox 285 4213 1654 4298; baseline -0.009 -16"><span class='ocrx_word' id='word_1_305' title='bbox 285 4244 318 4297; x_wconf 86' lang='lat'><strong>30</strong></span> <span class='ocrx_word' id='word_1_306' title='bbox 344 4227 384 4285; x_wconf 84' lang='lat' dir='ltr'><strong>Et</strong></span> <span class='ocrx_word' id='word_1_307' title='bbox 403 4228 429 4286; x_wconf 90' lang='lat' dir='ltr'><strong>si</strong></span> <span class='ocrx_word' id='word_1_308' title='bbox 449 4226 592 4286; x_wconf 87' lang='lat' dir='ltr'><strong>damnum</strong></span> <span class='ocrx_word' id='word_1_309' title='bbox 613 4225 720 4283; x_wconf 87' lang='lat' dir='ltr'><strong>dantes</strong></span> <span class='ocrx_word' id='word_1_310' title='bbox 741 4242 802 4282; x_wconf 91' lang='lat' dir='ltr'><strong>non</strong></span> <span class='ocrx_word' id='word_1_311' title='bbox 821 4223 1016 4283; x_wconf 85' lang='lat' dir='ltr'><strong>inveniuntur</strong></span> <span class='ocrx_word' id='word_1_312' title='bbox 1036 4222 1272 4298; x_wconf 88' lang='lat' dir='ltr'><strong>propinquiores,</strong></span> <span class='ocrx_word' id='word_1_313' title='bbox 1293 4219 1384 4280; x_wconf 89' lang='lat' dir='ltr'><strong>vicini</strong></span> <span class='ocrx_word' id='word_1_314' title='bbox 1404 4217 1567 4278; x_wconf 88' lang='lat' dir='ltr'><strong>emendent</strong></span> <span class='ocrx_word' id='word_1_315' title='bbox 1590 4213 1654 4271; x_wconf 87' lang='lat' dir='ltr'><strong>dam·</strong></span> 
     </span>
     <span class='ocr_line' id='line_1_32' title="bbox 345 4337 910 4418; baseline -0.007 -18"><span class='ocrx_word' id='word_1_316' title='bbox 345 4361 426 4416; x_wconf 90' lang='lat' dir='ltr'><strong>num,</strong></span> <span class='ocrx_word' id='word_1_317' title='bbox 448 4361 558 4418; x_wconf 90' lang='lat' dir='ltr'><strong>penam</strong></span> <span class='ocrx_word' id='word_1_318' title='bbox 578 4346 679 4400; x_wconf 87' lang='lat' dir='ltr'><strong>tamen</strong></span> <span class='ocrx_word' id='word_1_319' title='bbox 700 4358 761 4398; x_wconf 90' lang='lat' dir='ltr'><strong>non</strong></span> <span class='ocrx_word' id='word_1_320' title='bbox 781 4337 910 4399; x_wconf 88' lang='lat' dir='ltr'><strong>solvant.</strong></span> 
     </span>
    </p>
   </div>
   <div class='ocr_carea' id='block_1_8' title="bbox 425 4510 1197 4591">
    <p class='ocr_par' dir='ltr' id='par_1_11' title="bbox 425 4510 1197 4591">
     <span class='ocr_line' id='line_1_33' title="bbox 425 4510 1197 4591; baseline -0.013 -10"><span class='ocrx_word' id='word_1_321' title='bbox 425 4518 603 4580; x_wconf 76' lang='lat' dir='ltr'><strong>CXXXIV.</strong></span> <span class='ocrx_word' id='word_1_322' title='bbox 624 4518 677 4576; x_wconf 88' lang='lat' dir='ltr'><strong>De</strong></span> <span class='ocrx_word' id='word_1_323' title='bbox 698 4517 855 4591; x_wconf 85' lang='lat' dir='ltr'><strong>ponendo</strong></span> <span class='ocrx_word' id='word_1_324' title='bbox 876 4511 1022 4574; x_wconf 87' lang='lat' dir='ltr'><strong>uncinos</strong></span> <span class='ocrx_word' id='word_1_325' title='bbox 1044 4510 1197 4573; x_wconf 88' lang='lat' dir='ltr'><strong>canibus.</strong></span> 
     </span>
    </p>
   </div>
   <div class='ocr_carea' id='block_1_9' title="bbox 343 4645 1652 4877">
    <p class='ocr_par' dir='ltr' id='par_1_12' title="bbox 343 4645 1652 4877">
     <span class='ocr_line' id='line_1_34' title="bbox 423 4645 1652 4764; baseline -0.015 -17"><span class='ocrx_word' id='word_1_326' title='bbox 423 4645 503 4755; x_wconf 73' lang='lat' dir='ltr'><strong>item</strong></span> <span class='ocrx_word' id='word_1_327' title='bbox 524 4687 606 4764; x_wconf 86' lang='lat' dir='ltr'><strong>quod</strong></span> <span class='ocrx_word' id='word_1_328' title='bbox 626 4686 697 4745; x_wconf 89' lang='lat' dir='ltr'><strong>dicti</strong></span> <span class='ocrx_word' id='word_1_329' title='bbox 727 4683 819 4744; x_wconf 85' lang='lat' dir='ltr'><strong>balivi</strong></span> <span class='ocrx_word' id='word_1_330' title='bbox 851 4680 978 4752; x_wconf 83' lang='lat' dir='ltr'><strong>faciant.</strong></span> <span class='ocrx_word' id='word_1_331' title='bbox 994 4680 1128 4740; x_wconf 88' lang='lat' dir='ltr'><strong>bannum</strong></span> <span class='ocrx_word' id='word_1_332' title='bbox 1158 4680 1190 4738; x_wconf 88' lang='lat' dir='ltr'><strong>in</strong></span> <span class='ocrx_word' id='word_1_333' title='bbox 1220 4677 1297 4738; x_wconf 85' lang='lat' dir='ltr'><strong>festo</strong></span> <span class='ocrx_word' id='word_1_334' title='bbox 1328 4678 1551 4756; x_wconf 77' lang='lat' dir='ltr'><strong>Assumptionir</strong></span> <span class='ocrx_word' id='word_1_335' title='bbox 1579 4675 1652 4734; x_wconf 83' lang='lat' dir='ltr'><strong>Beate</strong></span> 
     </span>
     <span class='ocr_line' id='line_1_35' title="bbox 343 4785 1652 4877; baseline -0.015 -13"><span class='ocrx_word' id='word_1_336' title='bbox 343 4807 440 4864; x_wconf 84' lang='lat' dir='ltr'><strong>Mario</strong></span> <span class='ocrx_word' id='word_1_337' title='bbox 462 4804 499 4864; x_wconf 91' lang='lat' dir='ltr'><strong>de</strong></span> <span class='ocrx_word' id='word_1_338' title='bbox 520 4821 623 4862; x_wconf 90' lang='lat' dir='ltr'><strong>mense</strong></span> <span class='ocrx_word' id='word_1_339' title='bbox 644 4801 774 4877; x_wconf 87' lang='lat' dir='ltr'><strong>augusti,</strong></span> <span class='ocrx_word' id='word_1_340' title='bbox 796 4797 876 4874; x_wconf 88' lang='lat' dir='ltr'><strong>quod</strong></span> <span class='ocrx_word' id='word_1_341' title='bbox 897 4795 1022 4873; x_wconf 88' lang='lat' dir='ltr'><strong>quilibet</strong></span> <span class='ocrx_word' id='word_1_342' title='bbox 1042 4804 1137 4874; x_wconf 89' lang='lat' dir='ltr'><strong>ponet</strong></span> <span class='ocrx_word' id='word_1_343' title='bbox 1156 4796 1300 4855; x_wconf 85' lang='lat' dir='ltr'><strong>uncinum</strong></span> <span class='ocrx_word' id='word_1_344' title='bbox 1325 4794 1364 4853; x_wconf 89' lang='lat' dir='ltr'><strong>ad</strong></span> <span class='ocrx_word' id='word_1_345' title='bbox 1386 4795 1496 4854; x_wconf 91' lang='lat' dir='ltr'><strong>collum</strong></span> <span class='ocrx_word' id='word_1_346' title='bbox 1516 4793 1600 4853; x_wconf 86' lang='lat' dir='ltr'><strong>oanis.</strong></span> <span class='ocrx_word' id='word_1_347' title='bbox 1624 4785 1652 4844; x_wconf 83' lang='lat' dir='ltr'><strong>Et</strong></span> 
     </span>
    </p>
   </div>
   <div class='ocr_carea' id='block_1_10' title="bbox 0 0 1741 5508">
    <p class='ocr_par' dir='ltr' id='par_1_13' title="bbox 0 0 1741 5508">
     <span class='ocr_line' id='line_1_36' title="bbox 0 0 1741 5508; baseline 0 0"><span class='ocrx_word' id='word_1_348' title='bbox 0 0 1741 5508; x_wconf 95' lang='lat' dir='ltr'><strong> </strong></span> 
     </span>
    </p>
   </div>
  </div>
 </body>
</html>
