3464 5508
940 465 979 477 ..
999 430 1039 492 32
1060 465 1099 478 -.

353 547 532 620 inveniatur,
554 545 652 607 solvet
672 549 816 626 patronus
836 544 866 606 V
885 545 1006 621 solidos,
1028 551 1060 606 et
1079 545 1118 607 de
1138 551 1227 608 nocte
1247 552 1401 628 utsupra.
1432 549 1470 610 Et
1502 549 1545 610 ad
1576 549 1671 609 dictam

354 683 461 742 penam
482 666 621 722 teneatur
640 663 667 722 si
687 663 879 723 inveniantur
899 660 1019 744 [boves]
1041 665 1107 726 sine
1127 671 1258 744 pastore3
1279 674 1310 725 et
1330 666 1520 743 intelligatur
1542 667 1606 725 sine
1633 685 1675 743 pa·

354 783 435 840 sture
455 779 574 856 quando
595 799 650 858 per
680 778 836 840 custodem
856 783 981 840 vocetur
1000 781 1062 840 alta
1083 800 1156 841 voca
1176 780 1274 841 tribus
1295 779 1412 844 vicibus
1432 789 1462 840 et
1481 802 1547 842 non
1569 801 1677 858 respon·

354 894 433 957 deat.
465 897 505 956 Et
534 895 684 956 custodire
715 895 903 972 intelligatur
932 894 1052 972 quando
1083 896 1187 958 videre
1207 901 1306 975 potest
1326 899 1427 976 ipsos,
1458 907 1488 957 et
1522 917 1586 956 non
1606 903 1679 956 curat

313 1029 326 1084 5
354 1012 435 1088 ipsos
456 1029 564 1072 cavere
584 1031 602 1070 a
623 1009 742 1070 damno.

435 1187 586 1248 ΟΧΧΙΙΙ.
608 1189 661 1249 De
681 1202 769 1262 pena
791 1185 935 1248 somarii
956 1190 990 1248 et
1009 1186 1186 1250 similium.

434 1357 512 1417 Item
533 1354 613 1432 quod
633 1377 687 1434 pro
708 1357 844 1428 samario,
867 1375 952 1432 equo,
975 1357 1055 1417 mulo
1078 1363 1108 1418 et
1138 1357 1286 1417 similibus
1316 1379 1371 1436 pro
1402 1358 1567 1436 afuginosa
1598 1358 1683 1416 solvat

355 1471 494 1532 denarios
514 1471 592 1544 IIII,
614 1491 668 1549 pro
690 1470 839 1531 manivolo
860 1489 933 1531 vero
954 1471 983 1532 V
1004 1472 1114 1532 solidos
1135 1472 1173 1532 de
1194 1472 1264 1546 die,
1286 1477 1317 1532 et
1341 1473 1380 1532 de
1400 1477 1489 1533 nocte
1524 1476 1561 1532 ut
1592 1490 1681 1548 snpra.

356 1586 545 1646 Mauivulum
565 1585 752 1662 intelligatur
772 1584 892 1662 quando
913 1587 980 1662 quis
999 1587 1131 1647 custodit
1151 1588 1231 1665 ipsos
1245 1588 1277 1646 in
1290 1587 1399 1646 damno
1413 1588 1464 1648 vel
1479 1585 1566 1664 quod
1579 1585 1682 1647 vadant

295 1709 328 1750 ¹0
355 1702 420 1760 siue
440 1703 569 1778 pastore,
592 1704 623 1759 et
643 1719 762 1778 semper
783 1699 925 1760 damnum
946 1700 1124 1760 emendetur
1143 1705 1177 1760 ut
1198 1701 1312 1760 dictum
1333 1707 1388 1761 est.

436 1877 584 1939 CXXIV.
605 1879 658 1938 De
678 1893 767 1953 pena
788 1876 979 1938 bestiarum
999 1875 1223 1939 minutarum.

432 2045 513 2106 Item
532 2044 613 2122 quod
633 2045 659 2105 si
680 2045 747 2121 quis
768 2063 837 2104 oum
857 2043 1036 2104 animalibus
1056 2044 1188 2118 minutis,
1200 2048 1234 2103 ut
1247 2050 1319 2105 sunt
1332 2065 1430 2124 capra,
1446 2047 1594 2127 pecudes,
1609 2043 1680 2124 porci

354 2167 385 2222 et
405 2161 521 2235 similia,
544 2159 699 2242 [damnum
720 2159 858 2242 dederit],
873 2181 927 2238 pro
947 2157 1105 2238 sfuginosa
1124 2162 1223 2222 solvat
1241 2169 1387 2238 patronus
1407 2182 1504 2224 unum
1532 2162 1679 2224 denarium

352 2295 406 2354 pro
420 2274 554 2353 quolibet
564 2276 693 2334 animali.
701 2275 736 2335 Si
747 2294 818 2336 varo
830 2276 1011 2337 manivolum
1025 2275 1124 2335 dantis
1136 2275 1279 2335 damnum
1289 2277 1463 2338 inveniatur
1473 2298 1529 2356 per
1540 2274 1677 2343 custodes,

293 2407 325 2461 15
353 2392 451 2454 solvat
470 2390 500 2451 V
519 2391 631 2454 solidos
652 2391 689 2450 de
710 2391 779 2463 die,
801 2396 832 2450 at
853 2391 890 2451 de
911 2395 998 2451 nocte
1019 2398 1053 2450 ut
1073 2411 1165 2470 supra
1185 2395 1216 2452 et
1236 2391 1381 2452 damnum
1411 2395 1566 2455 emendet.
1599 2391 1676 2452 Salvo

353 2507 474 2586 quidem
490 2507 527 2567 de
541 2508 639 2585 porcis
660 2505 787 2566 dicimus
808 2505 888 2584 quod
903 2526 921 2565 a
934 2505 1073 2566 kalendis
1087 2507 1161 2565 ionii
1175 2527 1270 2583 usque
1284 2507 1323 2566 ad
1337 2507 1449 2568 festum
1460 2506 1677 2587 Assumptiouis
1717 2555 1718 2579 ,

355 2624 392 2684 de
413 2643 516 2684 mense
537 2624 658 2700 augusti
678 2625 703 2682 si
723 2642 778 2701 par
805 2621 960 2682 custodem
990 2623 1182 2682 inveniantur
1212 2642 1307 2700 prope
1337 2623 1468 2700 aliquem
1488 2624 1606 2686 fontem
1632 2637 1677 2698 per

352 2739 422 2799 IIII
443 2759 549 2817 passus
570 2739 619 2798 vel
640 2739 671 2796 iu
692 2738 791 2814 aliquo
812 2735 911 2810 blado,
933 2737 983 2798 vel
1003 2738 1035 2795 iu
1055 2739 1153 2797 vincis
1172 2757 1267 2814 usque
1289 2757 1347 2814 quo
1368 2736 1675 2803 fuerintvindemiate,

353 2877 372 2915 a
391 2855 423 2914 X
444 2874 543 2932 supra,
565 2853 646 2931 quod
666 2857 738 2914 ωηο
759 2859 859 2913 custos
879 2854 974 2931 possit
993 2853 1129 2912 occidere
1150 2873 1244 2912 unum
1263 2871 1388 2930 porcum
1402 2874 1457 2932 per
1470 2859 1613 2914 truncum
1631 2865 1675 2908 seu
1716 2869 1717 2916 J

292 2985 327 3025 20
354 2990 489 3050 gregem.
502 2969 655 3031 Truncum
675 2989 746 3031 vero
767 2989 821 3030 seu
842 2989 919 3047 grex
940 2969 1128 3047 intelligatur
1148 2973 1211 3029 tote
1232 2972 1427 3047 congregatio
1449 2988 1618 3047 porcorum,
1633 2963 1673 3039 qui

354 3087 445 3148 simul
464 3085 589 3160 vadunt,
611 3089 683 3144 tuno
703 3104 772 3145 cum
792 3085 985 3145 inveniantur
1004 3086 1036 3142 in
1057 3083 1174 3144 damno.
1199 3084 1239 3143 Et
1268 3087 1341 3144 tunc
1372 3085 1461 3144 aliam
1487 3103 1600 3164 penam
1625 3095 1674 3140 non

354 3202 483 3263 solvant.
504 3199 545 3258 Et
564 3199 590 3258 si
611 3218 689 3258 unus
709 3217 817 3276 porcus
836 3197 936 3258 decies
949 3198 1103 3258 invenitur
1116 3199 1148 3257 in
1162 3199 1261 3274 aliquo
1276 3197 1386 3258 damno
1398 3199 1430 3257 in
1445 3199 1591 3276 predictis
1604 3192 1672 3261 lecit
1715 3240 1716 3282 3

354 3317 449 3395 possit
469 3313 564 3375 occidi
584 3332 639 3392 per
659 3314 821 3388 custodem,
845 3312 1006 3373 dummodo
1027 3313 1108 3389 qnod
1127 3314 1226 3391 ipsum
1246 3315 1482 3390 reassignaverit
1501 3314 1605 3374 decies
1631 3325 1674 3386 pt·

353 3436 449 3491 trono.
470 3430 540 3490 Alio
562 3449 633 3490 vero
654 3431 788 3506 tempore
808 3429 841 3487 in
860 3428 926 3487 aliis
946 3428 1020 3488 locis
1044 3428 1142 3488 solvat
1171 3431 1317 3507 patronus
1347 3432 1381 3486 ut
1411 3427 1450 3488 de
1482 3429 1550 3488 aliis
1581 3421 1671 3484 bestiis

292 3560 324 3615 25
353 3547 485 3619 minutis,
507 3545 623 3603 etiamsi
642 3543 673 3601 in
694 3543 877 3620 castagnetis
897 3542 1090 3602 inveniantur
1110 3561 1129 3600 a
1148 3541 1181 3600 X
1194 3561 1294 3619 supra,
1310 3546 1471 3616 antequem
1484 3543 1547 3601 sint
1561 3537 1671 3602 colloco

354 3667 501 3735 assianae,
522 3661 616 3740 possit
636 3679 691 3737 per
711 3658 866 3718 custodem
885 3657 981 3717 occidi
1000 3677 1116 3734 porcus,
1139 3661 1172 3715 ut
1192 3661 1368 3716 consuetum
1389 3662 1445 3716 est.

435 3840 564 3902 OXXV.
585 3840 638 3899 De
659 3834 821 3898 cavendis
841 3833 958 3895 bestiis
980 3850 1002 3894 a
1022 3832 1143 3895 bladis.

433 4011 513 4071 Item
533 4009 614 4086 quod
633 4008 815 4069 castellanus
836 4023 890 4064 seu
909 4001 1002 4062 balivi
1015 4000 1134 4060 banniri
1148 3999 1261 4060 faciant
1273 4003 1306 4060 in
1319 4000 1396 4061 festo
1411 4003 1545 4061 omnium
1559 4002 1668 4062 sanau-

353 4147 419 4185 rum
441 4127 521 4203 quod
541 4124 667 4203 quilibet
687 4126 793 4184 caveat
812 4117 940 4178 bestiam
960 4136 978 4174 a
998 4114 1096 4174 bladis
1126 4117 1290 4176 seminatis.
1320 4116 1361 4174 Et
1391 4114 1502 4176 abinde
1532 4116 1564 4176 in
1594 4113 1668 4172 antes

292 4258 327 4312 30
353 4246 511 4320 postquam
531 4241 688 4301 bannitum
708 4237 808 4309 fuerit,
829 4233 994 4311 puniantur
1014 4230 1224 4307 delinquentes
1243 4234 1278 4289 ut
1297 4231 1330 4289 in
1350 4228 1554 4307 superioribus
1569 4225 1666 4306 capitu·
1712 4244 1713 4276 z

351 4354 390 4419 lis
411 4372 588 4435 expressum
608 4356 662 4412 est.
683 4351 774 4411 Salvo
793 4348 821 4406 si
840 4345 948 4422 aliquis
967 4362 1036 4403 cum
1056 4341 1153 4403 bobus
1173 4345 1282 4402 iunctis
1302 4342 1395 4403 vellet
1411 4345 1541 4403 transire
1561 4341 1598 4403 ab
1616 4351 1664 4396 uno

352 4474 433 4551 petio
453 4475 534 4531 terre
554 4468 593 4528 ad
613 4466 695 4527 aliud
715 4465 754 4525 ad
774 4461 929 4533 arandum,
950 4458 1031 4535 quod
1060 4458 1150 4517 liceat
1180 4458 1207 4518 ei
1236 4458 1364 4518 transire
1393 4475 1449 4534 per
1479 4456 1560 4516 dicta
1589 4447 1666 4514 blada

353 4589 500 4649 seminata
519 4586 585 4645 sine
605 4581 714 4655 banno,
737 4576 897 4639 dummodo
918 4573 1065 4633 malitiose
1085 4591 1146 4631 non
1165 4569 1227 4632 fiat.
