3464 5508
927 471 965 482 -
986 435 1007 494 4
1027 469 1065 480 -

317 561 406 618 tenus
426 555 517 618 etiam
546 556 715 616 uruntur.
735 551 769 612 Si
790 551 821 611 in
852 549 940 612 domo
971 549 1119 613 dictorum
1149 552 1293 616 nobilium
1325 564 1535 618 remanerent
1558 555 1669 614 femine

317 673 415 734 solum
434 671 484 734 vel
504 671 611 750 pupilli
630 677 662 731 et
682 669 820 742 minores,
841 687 903 730 non
932 671 1093 729 teneantur
1123 675 1226 732 tenere
1247 692 1349 750 equos,
1372 673 1471 736 donec
1505 673 1674 733 extiterint

318 795 402 852 tante
421 789 510 852 etatis
530 785 611 866 quod
631 783 755 846 comede
775 784 892 864 possint
911 785 991 864 ipsos
1012 784 1193 863 gubernare.

399 967 489 1030 VIII.
510 967 563 1028 De
584 961 786 1028 auctoritate
807 961 977 1026 nobillum
997 962 1173 1044 obligandi
1193 983 1255 1044 pro
1278 967 1414 1032 dotibus
1430 966 1581 1030 dandis
1597 985 1679 1043 par-

278 1103 288 1156 5
319 1089 390 1147 tem
412 1079 514 1146 feudi.

399 1253 478 1312 Item
499 1249 579 1328 quod
600 1247 694 1310 libere
714 1249 779 1310 siue
800 1248 1035 1309 contradictione
1066 1251 1165 1327 aliqua
1186 1253 1267 1311 curia
1297 1255 1414 1330 possint
1442 1254 1525 1314 dicti
1554 1253 1683 1314 nobiles

319 1387 373 1448 pro
395 1363 516 1426 dotibus
536 1364 645 1425 dandis
665 1363 793 1438 filiabus,
815 1363 967 1424 sororibus
988 1368 1020 1427 et
1039 1365 1207 1444 nepotibus,
1230 1367 1268 1426 de
1288 1365 1375 1428 bonis
1390 1369 1533 1446 ipsorum
1553 1390 1598 1428 ac
1613 1389 1684 1447 pos

318 1479 503 1544 sessionibus
523 1479 682 1540 feudorum
707 1481 868 1560 pignorare
898 1483 1013 1542 maritis
1044 1483 1186 1560 ipsarum.
1217 1481 1434 1544 Verumtamen
1456 1484 1551 1562 quod
1577 1505 1618 1544 re
1641 1488 1684 1562 pi-

319 1601 448 1677 gnorata
467 1597 624 1670 existente,
646 1593 736 1656 Ouria
757 1593 866 1656 debitis
886 1597 1016 1657 servitiis
1037 1617 1097 1656 nou
1117 1595 1284 1657 fraudetur.

261 1798 293 1840 ιο
400 1774 459 1834 ΙΧ.
480 1773 582 1854 Quod
602 1771 735 1837 nobiles
755 1776 899 1850 possunt
920 1772 1073 1850 obligare
1088 1774 1190 1836 feuda
1203 1790 1266 1851 pro
1281 1774 1419 1838 dotibus
1435 1773 1678 1852 recipiendis.

399 1943 478 2006 Item
500 1943 579 2020 quod
601 1942 651 2002 ille
671 1944 722 2019 qni
743 1945 887 2002 uxoratur
907 1940 1001 2002 libere
1021 1943 1116 2020 possit
1135 1963 1190 2021 pro
1211 1943 1281 2004 dote
1301 1943 1362 2004 sibi
1386 1944 1466 2019 data,
1497 1947 1579 2004 aine
1605 1965 1678 2004 con-

319 2062 498 2124 tradictione
518 2061 619 2138 aliqua
639 2058 738 2133 Curia,
760 2059 920 2139 pignorare
941 2066 972 2120 et
993 2057 1129 2137 obligare
1148 2064 1266 2139 partem
1287 2059 1372 2121 feudi
1392 2063 1439 2122 sui
1458 2066 1557 2140 prout
1575 2081 1674 2139 expe

321 2180 418 2254 diarii,
440 2178 528 2238 uxori
548 2178 598 2238 vel
618 2177 850 2253 consanguineis
881 2177 976 2254 ipsius
996 2178 1108 2250 uxoris,
1140 2176 1301 2238 dummodo
1333 2178 1413 2255 quod
1438 2198 1471 2238 re
1491 2179 1672 2257 pignorata

320 2295 470 2356 existente
490 2293 539 2356 vel
559 2291 701 2370 obligata,
723 2290 815 2352 Curia
835 2290 945 2352 debitis
965 2293 1098 2352 servItiis
1118 2313 1179 2352 non
1200 2293 1367 2354 fraudetur.

261 2493 289 2544 15
400 2471 442 2533 Χ.
463 2467 621 2550 Qualiter
641 2473 673 2530 et
694 2471 832 2545 qnando
854 2466 986 2532 nobiles
1006 2468 1139 2545 possint
1159 2470 1329 2547 stipendia
1349 2471 1511 2548 recipere.

400 2643 479 2702 Item
500 2639 580 2718 quod
595 2638 668 2700 dicti
680 2637 797 2700 nobiles
811 2642 842 2698 et
856 2638 982 2716 quilibet
994 2641 1128 2718 ipsorum
1141 2639 1235 2700 libere
1248 2643 1343 2719 possit
1355 2642 1505 2720 stipendia
1519 2647 1665 2722 recipere

321 2756 596 2836 aquibuscumque
617 2755 760 2835 personis,
782 2755 910 2814 inimicis
935 2754 1045 2832 Populi
1074 2756 1204 2814 Romani
1235 2755 1393 2816 dumtaxat
1422 2759 1570 2836 exceptis,
1595 2761 1665 2819 sine

321 2874 422 2952 aliqua
442 2871 531 2934 Ourie
552 2872 682 2945 licentia,
703 2870 786 2932 salvo
806 2872 832 2930 si
854 2870 967 2930 dictum
987 2874 1119 2930 castrum
1139 2869 1265 2930 haberet
1285 2891 1436 2949 guerram,
1451 2874 1483 2932 in
1502 2893 1565 2949 quo
1588 2894 1663 2935 casu

321 2992 393 3054 dicti
413 2989 529 3052 nobiles
550 2994 710 3049 teneantur
730 2987 844 3048 servire
865 2989 897 3046 in
918 2987 997 3048 dicto
1020 2995 1127 3048 castro.

259 3181 293 3224 20
400 3167 458 3228 XI.
480 3167 533 3228 De
554 3162 724 3240 domibus,
747 3162 926 3241 canapinis
948 3168 980 3225 et
1002 3164 1120 3226 herile.

400 3337 478 3398 Item
498 3334 579 3413 quod
600 3333 726 3412 quilibet
745 3333 880 3411 peditum
912 3333 983 3392 dicti
1005 3335 1094 3394 castri
1127 3334 1238 3408 domoc,
1271 3355 1346 3411 quas
1366 3317 1493 3412 quilibet
1519 3338 1661 3414 ipsorum

322 3473 402 3515 nunc
422 3457 506 3515 tenet
525 3457 557 3514 et
576 3450 718 3532 possidet,
751 3450 861 3510 habeat
889 3449 999 3510 liberas
1020 3455 1051 3510 et
1075 3451 1235 3526 absolutae,
1257 3457 1288 3512 et
1308 3473 1402 3512 unum
1432 3454 1554 3513 hortum
1590 3476 1660 3516 cum

323 3571 469 3650 canapina
489 3588 550 3630 una
569 3589 623 3648 pro
645 3565 779 3646 qualibet
799 3566 895 3626 domo.
917 3565 1014 3638 Quam
1028 3569 1205 3644 canapinam
1223 3569 1388 3628 etherium
1401 3567 1525 3628 cuilibet
1538 3572 1661 3630 tenenti

322 3686 443 3748 domum
464 3683 536 3746 dare
556 3687 716 3746 teneantur
736 3682 775 3742 ad
797 3681 953 3742 arbitrium
974 3682 1101 3743 duorum
1123 3682 1268 3745 bonorum
1289 3686 1422 3745 virorum
1442 3685 1660 3764 eligendorum

260 3820 292 3874 25
322 3800 503 3882 apredietis
524 3799 652 3860 dominis
673 3803 704 3859 et
723 3797 895 3860 hominibus
914 3801 1112 3864 communiter
1132 3799 1171 3858 ad
1192 3800 1405 3860 adinstandum
1433 3801 1544 3861 dictam
1565 3823 1659 3864 cana-

322 3917 422 3997 pinam
445 3921 476 3976 et
495 3915 623 3988 hortum,
635 3915 677 3974 ita
697 3914 778 3991 quod
798 3917 944 3993 canapina
965 3920 995 3975 et
1014 3917 1119 3976 hortus
1138 3917 1199 3975 sint
1219 3920 1303 3976 tante
1317 3917 1492 3994 quantItatis
1506 3924 1658 3994 quantum

322 4033 403 4112 capit
422 4051 482 4093 una
501 4028 654 4091 rublitella
674 4031 797 4090 seminis
818 4030 857 4090 ad
887 4031 1105 4090 seminandum.
1126 4032 1166 4091 Et
1186 4030 1267 4108 qnod
1291 4032 1363 4091 dicti
1390 4033 1525 4093 homines
1557 4033 1656 4095 dictas

323 4149 426 4211 domos
448 4167 516 4208 cum
537 4147 691 4224 canapinis
712 4150 742 4206 et
763 4147 856 4206 hortis
876 4145 970 4206 libere
990 4149 1107 4225 possint
1133 4148 1274 4222 vendere,
1307 4148 1428 4222 donare,
1450 4147 1602 4209 cambiare
1623 4156 1654 4211 et

322 4266 454 4326 alienare
475 4267 508 4323 ut
528 4262 679 4323 voluerint
698 4282 752 4341 pro
772 4261 856 4322 libito
877 4263 1049 4337 voluntate,
1078 4267 1212 4343 exceptis
1232 4265 1375 4325 Ecclesiis
1400 4272 1430 4325 et
1449 4268 1508 4344 pile
1527 4268 1602 4327 locis
1623 4277 1653 4329 et

161 4373 165 4380 ’
262 4399 296 4453 30
321 4386 454 4462 ipsorum
475 4379 662 4440 dominorum
683 4379 820 4438 inimicIs.
841 4379 908 4437 Hac
929 4382 1019 4439 etiam
1043 4381 1159 4442 adiecta
1190 4381 1361 4441 conditione
1390 4382 1471 4458 quod
1502 4391 1650 4461 emptores

323 4498 479 4558 domorum
499 4496 631 4572 ipsarum
651 4493 700 4554 vel
720 4495 764 4553 illi
785 4494 825 4553 ad
845 4515 919 4572 quos
940 4495 1046 4556 domus
1066 4499 1260 4575 pervenerint
1280 4515 1468 4575 quocumque
1488 4497 1577 4558 modo
1596 4519 1647 4558 seu

322 4635 421 4689 causa,
442 4616 603 4674 teneantur
622 4609 758 4672 habitare
778 4615 873 4691 ipsam
894 4613 1015 4674 domum
1035 4635 1090 4692 per
1109 4635 1142 4675 sc
1163 4616 1212 4676 vel
1231 4635 1287 4693 per
1306 4615 1406 4690 alium,
1428 4618 1459 4674 et
1479 4615 1646 4693 homagium

321 4729 475 4791 fidelitatis
495 4730 631 4805 prestare
651 4727 725 4805 ipsis
745 4727 874 4788 dominis
894 4729 944 4789 vel
964 4749 1067 4790 eorum
1087 4731 1153 4790 vIce
1174 4730 1301 4807 gerenti,
1324 4733 1355 4789 et
1374 4730 1426 4789 illa
1452 4734 1570 4790 tantum
1590 4748 1646 4790 ser·

320 4847 394 4910 vitia
413 4842 515 4906 facere
535 4845 566 4904 et
587 4860 679 4905 onera
696 4841 867 4905 substinere
886 4845 964 4905 sicut
983 4845 1034 4905 ille
1055 4846 1141 4906 ouius
1161 4843 1253 4906 fuerit
1275 4843 1391 4904 domus.
