3464 5508
690 461 728 472 ..
749 427 769 484 5
791 459 828 470 -.

109 598 207 660 ΧΠ.
235 603 308 664 De
337 605 506 668 censibus
525 608 718 680 domorum,
739 606 924 666 landarum
945 605 978 664 et
999 599 1232 662 arnariorum.

111 768 216 831 Item
244 777 355 851 quod
375 775 501 854 quilibet
521 778 652 856 ipsorum
674 775 809 854 peditum
829 774 881 851 qui
902 773 1023 834 domum
1044 770 1144 846 hebet,
1166 770 1239 830 dare
1253 773 1285 830 et
1298 767 1427 828 reddere

32 889 188 945 eneatur
215 886 342 951 Curia
362 913 417 970 pro
438 893 581 971 pensione
601 911 656 951 seu
677 910 770 950 censu
797 889 878 950 dicte
898 889 1005 950 domus
1035 888 1116 948 omni
1146 905 1225 946 auno
1247 884 1294 945 VI
1315 883 1427 944 solidos

27 1005 162 1062 autum
190 1005 280 1066 sive
308 1006 411 1067 fuerit
430 1010 550 1085 integra
566 1013 604 1069 nt
623 1027 705 1067 nune
725 1011 781 1082 est,
802 1008 868 1068 sive
888 1006 1066 1066 divisionem
1080 1003 1228 1082 reneperit
1241 1004 1272 1062 in
1290 999 1425 1062 futurum

24 1137 53 1173 u
79 1124 402 1199 quantascumque
422 1143 574 1201 personas,
595 1126 662 1203 ipsa
681 1123 786 1202 pensio
806 1142 861 1182 seu
881 1140 990 1182 oeneus
1021 1120 1167 1180 dictorum
1195 1118 1241 1178 VI
1262 1117 1424 1178 solidorum
1458 1127 1468 1180 5

22 1235 116 1292 inter
143 1237 313 1298 easdem
336 1259 482 1318 personas
503 1240 656 1302 dividatur
675 1261 729 1318 pro
749 1243 825 1299 rata.
845 1239 896 1298 Illi
916 1258 988 1298 vero
1009 1237 1060 1314 qui
1074 1235 1221 1295 haberent
1240 1236 1359 1293 arnaria
1371 1254 1426 1294 seu

20 1349 154 1410 tendas
180 1359 303 1416 extra
327 1357 459 1430 domum,
480 1377 535 1436 pro
555 1359 673 1418 arnario
704 1356 835 1417 reddant
865 1355 956 1416 Ourie
987 1355 1067 1414 omni
1088 1373 1166 1413 anno
1188 1352 1256 1412 XII
1278 1351 1426 1424 denarios,

24 1487 90 1544 pro
116 1470 243 1530 tenda
270 1493 356 1534 vero
387 1473 527 1534 denarios
547 1473 601 1534 VL
622 1475 663 1534 Et
683 1473 764 1551 quod
785 1473 823 1532 de
843 1474 970 1532 arnariis
991 1487 1021 1532 et
1041 1470 1150 1545 tendis,
1180 1469 1368 1547 intelligatur
1388 1468 1426 1528 de

24 1585 97 1645 illis
122 1588 190 1663 qui
216 1587 358 1650 fuerint
377 1591 409 1649 in
429 1594 532 1650 moute
551 1593 640 1665 terra,
662 1597 693 1650 et
713 1589 793 1667 quod
815 1589 853 1650 da
874 1587 1013 1648 domibus
1033 1587 1220 1663 intelligatur
1244 1583 1282 1644 de
1295 1585 1354 1644 illis
1368 1603 1427 1660 que

25 1704 112 1758 sunt
137 1703 247 1762 intra.
276 1704 398 1764 dietum
419 1709 551 1765 nastrum
570 1709 698 1766 tantum.
1458 1703 1490 1744 ¹⁰

128 1881 257 1942 ΧΠΙ.
288 1885 344 1944 Da
364 1878 525 1959 operibus
545 1880 739 1960 prestandis
761 1879 863 1944 curie
885 1895 968 1941 curn
988 1877 1118 1941 bestiis.

131 2049 238 2110 Item
267 2051 353 2128 quod
372 2051 499 2128 quilibet
520 2052 667 2112 dictorum
697 2051 833 2131 peditum
864 2055 1004 2111 teneatur
1035 2049 1108 2110 dare
1130 2049 1169 2108 ad
1190 2047 1376 2109 voluntatem
1396 2051 1427 2106 at

42 2165 317 2239 requisitionem
338 2168 527 2228 dominorum
547 2188 637 2228 uuam
659 2187 781 2247 operam
795 2187 862 2227 num
878 2168 970 2227 asinis
984 2185 1037 2228 eeu
1051 2166 1201 2238 iumentis,
1217 2165 1281 2224 sive
1294 2160 1427 2222 habeant

43 2277 204 2343 bestiam
231 2286 308 2346 sive
329 2305 398 2358 non,
419 2285 548 2344 Romam
568 2286 618 2346 vel
638 2285 705 2358 alio,
726 2286 769 2343 ita
789 2283 871 2360 quod
890 2303 951 2342 una
964 2283 1013 2342 die
1026 2283 1123 2360 possit
1137 2281 1181 2340 ire
1195 2285 1226 2340 et
1240 2280 1298 2338 elia
1314 2279 1428 2340 reverti

51 2397 96 2456 ad
121 2399 266 2461 dictum
288 2411 420 2462 nastrum
440 2422 509 2462 oum
539 2403 635 2462 salma
655 2404 737 2462 eurie
768 2403 861 2462 semel
882 2403 914 2460 in
935 2420 1013 2460 anno
1044 2405 1170 2473 tantum,
1193 2418 1251 2475 que
1272 2398 1367 2456 aalma
1387 2397 1427 2456 sit
1458 2409 1487 2462 15

52 2516 159 2575 unius
183 2517 283 2577 rubli
303 2517 465 2592 frumenti,
497 2518 547 2578 vel
577 2518 683 2578 hordei
715 2519 803 2577 unius
833 2515 913 2576 rubli
941 2522 971 2576 et
992 2516 1126 2590 dimidii,
1158 2534 1211 2575 seu
1239 2511 1426 2573 tantumdem

57 2631 228 2706 ponderis
252 2636 469 2711 cuiuscumque
489 2636 541 2694 rei.
557 2635 654 2708 Quam
676 2653 798 2712 operam
819 2635 845 2694 si
866 2632 938 2693 dare
958 2634 1097 2706 noluerit,
1112 2632 1210 2692 solvat
1224 2635 1340 2688 tanturn
1357 2627 1427 2688 IIII

63 2747 202 2824 solidos,
229 2755 263 2811 et
284 2750 324 2810 ad
345 2751 427 2810 eliud
447 2771 508 2811 non
529 2758 663 2828 cogatur.

154 2928 260 2989 XIV.
281 2927 336 2988 De
356 2926 494 2989 servitio
515 2931 622 3003 porte.

158 3098 249 3159 Item
270 3097 353 3174 quod
372 3097 498 3175 quilibet
517 3099 650 3176 ipsorum
669 3099 806 3177 peditum
826 3097 931 3158 sedeat
952 3118 1011 3158 uuo
1033 3097 1082 3156 die
1103 3101 1220 3156 tantum
1242 3109 1426 3174 perannum
1456 3109 1491 3148 20

75 3209 116 3268 ad
139 3217 279 3291 portam,
300 3213 496 3274 eustodiendo
517 3215 613 3291 ipsam
637 3218 754 3292 portam
784 3218 815 3273 et
844 3215 976 3291 plateam
1006 3233 1061 3291 pro
1091 3211 1253 3289 plaanetioo
1282 3209 1373 3282 curie,
1395 3216 1426 3267 et

81 3327 167 3399 quod
190 3328 246 3387 ille
266 3327 318 3403 qui
339 3325 457 3386 sedebit
477 3326 517 3386 ad
536 3331 653 3405 portam
672 3328 767 3406 possit
786 3328 867 3388 mitti
885 3347 939 3404 pro
960 3329 1070 3387 uuneio
1092 3329 1208 3386 tantum
1233 3324 1324 3400 louge
1345 3323 1425 3400 quod

80 3455 117 3498 eo
140 3441 195 3503 die
218 3461 278 3519 quo
297 3442 435 3515 mittitur,
450 3443 545 3520 possit
564 3441 663 3502 redire
684 3442 724 3501 ad
745 3443 858 3502 dietum
879 3446 1018 3516 oestrum,
1035 3444 1065 3501 et
1080 3446 1217 3502 teneatur
1231 3441 1281 3500 ille
1296 3441 1346 3517 qui
1360 3441 1425 3499 mit·

86 3556 163 3616 titur
185 3561 307 3637 portare
328 3577 382 3618 eeu
402 3562 565 3635 reportare,
587 3559 614 3618 si
632 3557 764 3636 placebit
785 3559 922 3632 dominis,
944 3562 1061 3618 tentum
1082 3557 1224 3634 ponderis
1252 3556 1331 3633 quod
1353 3576 1425 3618 sano

86 3675 117 3728 et
138 3674 227 3734 salvo
249 3673 338 3734 modo
358 3674 424 3733 sine
444 3672 552 3733 fraude
572 3681 692 3751 portare
711 3676 815 3752 possit.
826 3673 877 3734 Ad
892 3695 981 3750 quam
995 3677 1112 3752 portum
1126 3675 1152 3734 ei
1166 3673 1273 3734 sedere
1288 3673 1424 3746 noluerit,
1454 3685 1467 3724 2
1474 3687 1484 3740 5

86 3787 188 3850 solvat
208 3793 327 3848 tautum
348 3789 523 3863 11s011dos,
545 3794 575 3848 et
596 3789 635 3848 ad
656 3790 739 3849 aliud
759 3811 819 3850 non
841 3795 975 3869 cogatur.

172 3966 246 4026 XV.
268 3968 322 4027 De
342 3972 466 4043 quarta
486 3972 668 4044 terrarum,
690 3966 871 4032 vinearum
893 3973 925 4029 et
946 3971 1122 4030 arborum.

170 4138 250 4197 Item
272 4138 352 4214 quod
373 4139 499 4215 quilibet
520 4139 668 4200 dictorum
688 4141 824 4219 peditum
855 4145 994 4201 teneatur
1024 4140 1151 4202 reddere
1177 4139 1266 4200 Gurie
1288 4143 1425 4216 quartam

96 4259 210 4327 partem
231 4255 323 4313 totius
343 4257 390 4314 sui
410 4255 549 4316 laborerii
580 4262 642 4316 tam
672 4261 828 4330 terrarum,
861 4279 949 4334 quam
982 4259 1137 4318 vinearum
1170 4260 1200 4315 et
1224 4255 1372 4328 arborum,
1395 4259 1426 4314 et

97 4370 181 4428 etiam
212 4370 337 4428 aliorum
358 4369 521 4446 fruetuum,
543 4374 593 4449 qui
615 4392 653 4432 ex
675 4380 755 4432 terra
776 4375 902 4434 veniunt
932 4375 1109 4432 naturaliter
1129 4373 1179 4433 vel
1199 4371 1424 4446 industrialiter,
1455 4388 1488 4442 30

98 4487 154 4543 tam
174 4485 212 4544 de
233 4485 321 4544 terris
342 4487 558 4546 territoriorum
578 4488 726 4548 dictorum
747 4494 921 4562 austrorum,
944 4509 1033 4565 quam
1053 4487 1092 4548 de
1113 4489 1178 4548 aliis
1199 4489 1287 4547 terris
1309 4489 1424 4563 vicinis,

100 4602 184 4663 salvis
204 4599 352 4660 fructibus
374 4603 519 4679 canapine
541 4609 571 4663 et
591 4604 669 4663 horti
683 4625 775 4682 supra
789 4605 965 4682 designatis.
981 4604 1021 4662 Et
1034 4605 1124 4664 etiam
1141 4609 1288 4662 terrarum
1303 4622 1425 4663 suarum

105 4734 171 4790 quas
191 4713 339 4775 heberent
358 4718 494 4796 proprias
514 4737 569 4778 seu
599 4718 737 4779 feudales
768 4724 854 4779 extra
885 4719 965 4780 dieta
994 4718 1151 4791 territoria,
1174 4717 1212 4778 de
1236 4717 1344 4794 quibus
1364 4739 1425 4779 non
