3464 5508
943 447 981 460 ..
1005 415 1042 474 1ss
1064 448 1101 460 -

355 525 576 588 constitutionis
596 527 722 606 epistole
743 527 806 590 divi
826 527 964 602 Adriani,
986 527 1148 590 dummodo
1170 527 1251 606 quod
1271 528 1449 606 principalis
1478 523 1585 584 habeat
1605 523 1664 582 unde

353 641 459 714 solvat,
481 645 543 702 tam
564 643 595 702 in
616 642 776 704 mobilibus
796 663 886 722 quam
907 645 939 704 io
959 643 1127 704 stabilibus.

437 821 518 882 LIV.
538 822 592 883 De
613 819 752 884 arbitris
773 820 947 898 cogendis.

433 992 511 1052 Item
533 992 614 1069 quod
634 993 815 1053 castellanus
829 1012 883 1052 seu
896 993 1026 1056 vicarius
1040 998 1129 1071 cogat
1142 994 1271 1054 arbitros
1285 998 1317 1052 et
1330 993 1490 1053 decisores
1505 990 1672 1067 questionum

312 1125 322 1176 5
353 1109 384 1166 et
406 1103 630 1182 discordiarum,
652 1128 704 1168 eas
725 1107 865 1170 decidere
886 1113 916 1170 et
936 1108 1022 1170 linire
1043 1109 1122 1170 infra
1141 1113 1303 1172 terminum
1333 1113 1575 1189 competentem.
1599 1105 1634 1162 ttt
1656 1105 1674 1160 si

352 1221 569 1298 contrafecerit,
592 1223 704 1284 arbiter
724 1245 777 1286 seo
798 1225 959 1287 arbitrator
979 1227 1122 1304 puniatur
1142 1227 1172 1286 in
1192 1227 1225 1287 X
1245 1226 1357 1286 solidos
1378 1223 1523 1304 qualibet
1544 1223 1617 1282 vice.

430 1402 494 1462 LV.
516 1405 569 1464 De
589 1401 741 1466 arbitriis
762 1404 995 1468 obseruandls.

430 1573 509 1632 Item
531 1574 611 1650 quod
631 1575 802 1650 questiones
822 1581 875 1634 aut
896 1574 1060 1636 discordias
1074 1577 1247 1636 commissos
1261 1575 1390 1649 arbitris,
1410 1580 1467 1635 aut
1482 1567 1673 1634 amicabilibus

350 1686 598 1766 compositoribus
618 1707 671 1747 seu
694 1686 878 1748 decisoribus
905 1691 1094 1765 questionum
1125 1697 1156 1750 et
1186 1691 1412 1765 discordiarum,
1442 1695 1479 1750 et
1501 1701 1673 1766 quocumque

290 1826 322 1864 ro
351 1805 408 1864 alio
429 1806 549 1865 nomine
569 1809 789 1884 nuncupentur,
810 1826 866 1884 per
886 1826 938 1866 eos
960 1807 1142 1868 decidendos
1167 1813 1198 1868 et
1225 1809 1449 1881 terminandae,
1487 1804 1624 1882 quamvis
1648 1801 1671 1855 in

350 1941 451 1982 eorum
474 1919 712 1996 diffinitionibus,
734 1921 942 1983 decisionibus
955 1933 986 1983 et
1004 1926 1162 1984 sententiis
1182 1927 1257 1984 iuris
1277 1925 1350 1985 ordo
1364 1945 1425 1985 nou
1438 1926 1586 1985 servetur
1599 1924 1672 1991 atque

349 2038 529 2110 solemnitas,
552 2056 603 2098 eas
623 2038 761 2099 volumus
781 2035 882 2098 finitos
903 2041 934 2098 et
954 2038 1070 2100 validas
1090 2058 1276 2118 permanere.
1305 2040 1346 2099 ltt
1377 2042 1430 2116 qui
1459 2033 1668 2102 contrafecedb

349 2160 401 2216 aut
420 2161 524 2217 contra
544 2156 629 2216 illum
649 2156 825 2218 mandatum
845 2163 1009 2236 opponeret
1028 2159 1079 2219 vel
1099 2160 1232 2237 allegare
1252 2164 1458 2239 presumeret,
1482 2157 1625 2239 puniatur
1640 2167 1665 2208 ea
1706 2155 1708 2190 ³

346 2293 426 2352 pena
446 2293 504 2350 que
526 2275 557 2334 in
576 2276 788 2352 compromisso
808 2277 987 2336 continetur.
1005 2276 1070 2349 Que
1083 2297 1162 2355 pena
1182 2277 1294 2338 vicario
1314 2297 1368 2356 pro
1389 2278 1566 2345 medietate,
1582 2274 1610 2330 et
1622 2266 1666 2325 alia
1706 2353 1707 2357 Ἰ

286 2407 315 2460 ¹5
348 2387 493 2449 medietas
513 2388 591 2466 parti
611 2387 783 2451 observanti
803 2388 960 2450 arbitrium
981 2391 1156 2469 applicetur.
1705 2366 1706 2371 ἵ

426 2565 508 2626 LVI.
529 2570 583 2627 De
602 2583 692 2642 pena
713 2567 854 2629 illorum
875 2567 933 2643 qui
954 2583 992 2629 se
1013 2567 1232 2645 opposuerint
1252 2567 1472 2631 officialibus.
1704 2630 1706 2660 4

421 2737 501 2799 Item
522 2738 602 2816 quod
623 2741 801 2816 quicumque
821 2740 1018 2817 personaliter
1038 2741 1087 2800 vel
1108 2739 1229 2799 realiter
1249 2743 1414 2817 opponeret
1433 2758 1467 2799 se
1495 2733 1607 2800 vicario
1626 2723 1660 2786 vel
1705 2667 1707 2715 Ἰ

343 2855 407 2915 eius
429 2852 545 2915 offitiali
565 2854 685 2934 publice
704 2857 754 2916 vel
775 2857 899 2931 occulte,
922 2858 1080 2932 quominus
1094 2855 1238 2916 malefitia
1251 2858 1424 2936 puniantur,
1446 2857 1488 2915 ita
1510 2849 1592 2932 quod
1610 2845 1660 2905 eius
1705 2850 1707 2921 l

342 2972 442 3032 studio
465 2973 643 3050 delinquens
664 2973 834 3052 confugerit
854 2994 961 3034 manus
983 2975 1074 3048 curie,
1097 2975 1240 3051 puniatur
1260 2993 1296 3033 ea
1315 2994 1394 3052 pena
1425 2993 1485 3051 qua
1520 2965 1657 3032 teneretur
1703 2990 1706 3073 p

279 3113 313 3151 πο
342 3090 530 3170 delinquens.
552 3091 752 3151 Nihilominus
772 3092 914 3169 puniatur
935 3090 1113 3168 delinquens
1133 3110 1297 3168 panaque
1317 3090 1355 3150 de
1376 3091 1442 3150 iure
1462 3091 1616 3150 teneretur
1632 3093 1658 3133 at
1703 3078 1707 3143 ἶ

340 3206 438 3268 forma
457 3209 642 3287 presentium
663 3212 851 3267 statutorum.

419 3387 520 3449 LVII.
542 3390 595 3448 De
615 3403 704 3463 pena
726 3385 917 3449 furantium
936 3387 1063 3463 paleas.

418 3557 497 3618 Item
518 3559 598 3635 quod
619 3559 799 3635 quicumque
814 3555 971 3617 abstulerit
984 3575 1038 3616 seu
1052 3555 1170 3616 furatus
1183 3555 1275 3616 fuerit
1288 3558 1390 3636 paleas
1405 3556 1443 3618 de
1458 3557 1546 3618 domo
1561 3552 1651 3613 aliena

337 3674 368 3732 in
388 3693 447 3750 qua
466 3674 552 3751 polee
573 3677 766 3752 reponuntur,
788 3673 838 3734 vel
858 3675 889 3732 in
910 3691 945 3732 ea
966 3672 1087 3750 aliquod
1106 3673 1248 3733 damnum
1263 3671 1381 3732 dederit
1394 3673 1651 3748 qualitercumque,

275 3805 305 3856 25
335 3790 402 3849 vice
423 3788 556 3867 qualibet
575 3791 717 3868 puniatur
737 3790 769 3848 in
790 3788 818 3848 V
838 3787 957 3862 solidos,
971 3795 1001 3847 et
1021 3787 1164 3848 damnum
1183 3788 1332 3848 emendet.
1347 3788 1406 3861 Qui
1419 3808 1492 3849 vero
1506 3779 1651 3849 abstulerit

336 3905 373 3965 de
394 3906 534 3984 paleario,
557 3907 589 3965 in
611 3905 769 3965 duodecim
791 3904 921 3966 denariis
937 3905 1086 3982 puniatur,
1102 3912 1133 3964 et
1152 3906 1255 3983 paleas
1275 3905 1413 3964 restituat
1426 3902 1649 3966 adroluntrtem
1703 3952 1705 3992 ,

335 4022 478 4082 damnum
498 4023 589 4100 passI.
610 4023 650 4082 Et
670 4023 810 4084 credatur
830 4021 953 4082 cuilibet
973 4019 1050 4081 bone
1081 4020 1161 4081 fame
1183 4023 1335 4082 accusanti
1367 4041 1436 4081 cum
1467 4021 1649 4082 sacramento,

334 4148 365 4198 et
386 4142 540 4199 accusator
559 4137 669 4200 hebeat
689 4139 808 4200 tertiam
828 4143 944 4217 partem
964 4136 1066 4198 banni.
1703 4112 1705 4154 ἱ

1704 4392 1708 4495 l

272 4499 304 4551 30
412 4490 492 4548 Item
512 4488 593 4566 quod
614 4489 640 4548 si
660 4489 756 4547 minor
776 4487 910 4546 XXIIII
930 4487 1130 4563 anuis'usque
1152 4486 1191 4546 ad
1210 4486 1242 4545 X
1258 4484 1364 4547 fecerit
1376 4485 1500 4560 furtum,
1515 4487 1644 4564 puniatur
1703 4497 1704 4562 J

415 4317 533 4380 LVIII.
552 4322 605 4380 De
627 4315 724 4398 penis
745 4316 930 4378 minorum.

331 4607 363 4664 in
384 4605 506 4665 dimidio
523 4625 612 4682 quam
633 4605 709 4664 alius
730 4605 781 4681 qui
801 4605 895 4664 maior
915 4607 1003 4664 esset.
1026 4603 1067 4661 Et
1086 4603 1112 4661 si
1137 4603 1234 4662 minor
1263 4602 1295 4660 X
1327 4603 1413 4661 annis
1444 4601 1585 4662 damnum
1603 4597 1643 4656 de

331 4719 417 4794 derit,
440 4717 625 4780 autfertum
646 4720 834 4794 commiserit,
857 4718 1000 4779 damnum
1020 4721 1137 4778 tantum
1158 4716 1306 4778 emendet.
1328 4716 1368 4776 Et
1388 4719 1414 4778 si
1434 4719 1531 4780 rixam
1552 4715 1640 4779 fecerit
1702 4716 1704 4776 Ὺ
