3464 5508
911 463 950 476 ..
973 431 1013 490 23
1035 463 1073 474 -

331 541 482 604 servanda
501 539 625 602 cuilibet
644 544 760 622 petenti
781 561 832 604 eas
852 543 891 604 ab
911 545 1011 622 aliquo
1031 545 1070 604 de
1090 543 1170 605 dicto
1191 547 1298 619 cestro,
1320 546 1373 622 qui
1398 545 1430 604 si
1450 542 1528 602 dare
1542 541 1662 616 noluerit,

333 655 542 720 forbanniatur
561 661 593 717 et
612 661 673 718 stet
692 655 884 720 forbannitus
903 659 1000 721 donec
1018 665 1134 738 prestet
1153 659 1323 721 huiusmodi
1345 662 1528 722 cautiones.

413 837 512 900 nvn.
533 839 634 917 Quod
656 839 865 901 castellanus
885 844 991 916 ponat
1013 840 1118 903 dubia
1138 840 1281 903 consilio
1303 838 1497 918 sapientis.

412 1009 492 1070 Item
511 1007 591 1086 quod
611 1009 860 1086 quandocumque
881 1017 911 1070 et
931 1012 1187 1089 qualitercumque
1207 1013 1323 1090 questio
1345 1013 1458 1088 aliqua
1486 1008 1541 1070 vel
1566 1006 1676 1066 dubium

296 1143 306 1196 ς
335 1130 504 1188 verteretur
523 1128 554 1186 iu
574 1127 770 1188 castellanum
791 1127 838 1188 vel
861 1127 953 1188 alium
973 1127 1125 1188 offitialem
1146 1130 1228 1188 curie
1248 1129 1391 1207 predicte,
1419 1133 1457 1187 et
1481 1127 1618 1202 aliquem
1646 1123 1676 1182 dc

335 1242 416 1303 dicto
435 1247 541 1314 oestro,
562 1243 627 1304 sive
648 1244 679 1300 in
699 1243 780 1304 civili
800 1243 915 1304 sivein
937 1245 1083 1303 criminali
1101 1263 1200 1317 causa,
1223 1249 1253 1304 et
1273 1244 1310 1303 de
1325 1245 1407 1304 dicto
1427 1242 1534 1303 dubio
1550 1259 1605 1300 scu
1619 1257 1680 1314 qne-

334 1357 432 1418 stione
452 1358 559 1434 uliquis
579 1360 708 1418 senserit
726 1377 760 1419 se
781 1363 949 1436 gravatum,
970 1359 1051 1436 qnod
1072 1360 1253 1420 castellanus
1273 1365 1304 1421 et
1324 1360 1463 1438 quilibet
1486 1356 1624 1418 offitialis
1643 1360 1679 1412 te-

336 1479 444 1534 neatur
463 1470 575 1532 dictum
596 1472 721 1534 dubium
741 1493 853 1552 ponere
874 1475 997 1534 consilio
1018 1476 1162 1553 sapientis
1186 1474 1321 1554 partibus
1351 1497 1414 1536 non
1451 1472 1619 1551 suspecti,
1649 1469 1681 1527 ad

336 1588 511 1666 petitionem
531 1589 611 1648 illius
631 1591 680 1666 qui
702 1593 862 1667 gravatum
882 1607 915 1649 se
935 1592 1053 1664 sentiet,
1075 1593 1139 1651 eius
1153 1590 1322 1669 sumptibus
1336 1597 1368 1652 et
1381 1592 1506 1652 salario
1522 1587 1685 1648 moderato.

283 1717 315 1758 ¹0
339 1705 380 1766 Et
400 1705 514 1766 dictum
534 1706 691 1766 consilium
711 1704 858 1767 habeatur
878 1711 990 1783 quanto
1010 1709 1206 1786 propinquius
1226 1673 1334 1786 potest.

421 1883 538 1946 CVIII.
560 1884 613 1944 De
633 1900 721 1959 pena
745 1882 977 1945 occidentium
997 1883 1136 1949 bestias.

420 2051 500 2112 Item
520 2052 600 2129 quod
621 2054 800 2130 quicumque
813 2053 988 2114 stincaverit
1001 2073 1055 2136 seu
1069 2056 1207 2114 occiserit
1222 2056 1272 2115 vel
1285 2055 1391 2114 inutile
1406 2055 1557 2115 redderit
1571 2046 1682 2124 aliquod

341 2167 451 2226 animal
472 2186 619 2244 grossum,
640 2172 674 2226 ut
694 2172 766 2228 sunt
785 2166 886 2242 bores,
908 2188 1012 2245 equus,
1030 2170 1133 2229 asinus
1153 2174 1184 2228 et
1203 2170 1320 2244 similia,
1335 2171 1484 2248 puniatur
1506 2171 1543 2228 in
1566 2169 1678 2226 centum

341 2281 445 2342 solidis
466 2303 520 2360 pro
540 2281 674 2359 qualibet
694 2281 791 2343 bestia
811 2289 842 2344 et
861 2283 995 2360 qualibet
1015 2287 1090 2345 vice.
1112 2285 1152 2343 Et
1172 2286 1228 2344 hoc
1248 2285 1438 2362 intelligatur
1468 2287 1499 2346 si
1536 2280 1677 2342 malitiose

283 2421 313 2476 ¹5
342 2401 373 2458 et
392 2397 598 2459 fraudolenter
617 2397 731 2458 fecerIt.
752 2398 785 2458 Si
805 2419 877 2460 vero
897 2401 1036 2460 occiserit
1055 2421 1109 2460 seu
1130 2401 1333 2462 devastaverit
1353 2402 1475 2478 aliquod
1500 2399 1591 2460 alind
1622 2395 1676 2454 ani-

342 2516 410 2586 mal,
431 2515 572 2576 videlicet
592 2535 723 2593 porcum,
744 2535 874 2593 capram,
895 2517 1043 2594 pecudem
1063 2524 1094 2576 et
1113 2518 1230 2591 similia,
1252 2519 1395 2596 puniatur
1414 2520 1447 2578 in
1468 2519 1543 2578 XX
1575 2511 1669 2574 solidis

341 2637 469 2692 tantum.
491 2632 524 2691 Si
543 2652 615 2692 vero
636 2633 780 2710 gallinam
801 2633 850 2694 vel
870 2632 1038 2694 columbam
1060 2638 1090 2692 et
1109 2635 1225 2707 similia,
1247 2635 1345 2697 solvet
1364 2656 1417 2713 pro
1433 2656 1517 2713 pena
1530 2635 1672 2710 quantum

343 2749 424 2809 valet
444 2749 557 2824 gallina
578 2767 631 2808 seu
652 2747 797 2821 columba,
820 2752 850 2807 et
874 2767 993 2825 semper
1006 2748 1149 2807 damnum
1163 2747 1350 2807 emendetur.
1364 2748 1397 2808 Si
1412 2769 1485 2809 vero
1500 2748 1573 2826 quis
1588 2743 1673 2802 dictos

342 2883 484 2924 excessus
504 2863 685 2922 commiserit
704 2883 766 2921 non
785 2860 998 2935 fraudolenter,
1020 2852 1081 2921 sed‘
1096 2863 1257 2922 casualiter
1277 2865 1326 2924 vel
1346 2864 1535 2940 ignoranter,
1559 2877 1613 2919 seu
1632 2855 1669 2911 lu·

284 3000 318 3038 20
345 2979 452 3053 dendo,
475 2979 619 3040 damnum
638 2983 755 3038 tantum
776 2978 925 3039 emendet.

426 3155 510 3218 OIX.
531 3159 584 3218 De
605 3172 693 3232 pena
715 3153 889 3216 adulterii.

424 3329 504 3388 Item
524 3329 550 3388 si
571 3329 638 3405 quis
651 3327 840 3410 commiserit
860 3325 1050 3398 adulterium,
1072 3327 1214 3404 puniatur
1244 3327 1277 3384 in
1307 3325 1339 3384 X
1370 3324 1456 3386 libris
1487 3325 1668 3386 denariorum

344 3446 412 3506 vice
432 3442 574 3521 qualibet,
596 3447 627 3504 et
647 3443 673 3502 si
693 3441 763 3502 inde
784 3440 865 3500 facta
885 3439 977 3499 fuerit
998 3459 1105 3500 accusa
1125 3460 1180 3519 per
1193 3442 1343 3514 maritum,
1357 3444 1474 3518 patrem
1490 3443 1541 3502 vel
1555 3439 1668 3499 fratrem

345 3561 504 3634 camalam,
526 3560 613 3618 aliter
632 3556 754 3636 procedi
774 3577 834 3616 non
854 3557 957 3634 possit,
978 3575 1035 3616 nec
1056 3557 1121 3616 aliis
1141 3556 1278 3634 personis
1299 3553 1337 3614 ab
1367 3557 1440 3634 ipsis
1471 3557 1562 3617 liceat
1593 3567 1667 3612 accu-

286 3708 317 3761 25
345 3696 421 3740 sare.
443 3678 483 3735 Et
503 3676 534 3734 in
554 3673 732 3734 tantundem
751 3674 893 3752 puniatur
914 3673 1020 3732 mulier
1050 3691 1119 3731 cum
1149 3692 1209 3747 qua
1238 3673 1419 3732 commiserit
1450 3672 1565 3732 dictum
1596 3663 1666 3728 adul·

347 3794 464 3865 terium,
486 3795 517 3850 et
537 3790 618 3849 dicta
638 3790 745 3848 mulier
765 3787 875 3849 exinde
895 3785 1042 3846 habeatur
1061 3785 1191 3846 infamis.

428 3971 495 4032 CX.
517 3972 569 4031 De
591 3967 710 4032 furnis.

427 4143 507 4201 Item
528 4139 607 4217 quod
628 4137 790 4198 clibanario
810 4156 865 4197 seu
884 4135 1049 4195 fornerarie
1070 4155 1128 4211 que
1149 4140 1254 4196 tenent
1277 4133 1367 4194 furna
1397 4134 1498 4206 curie,
1521 4132 1666 4194 teneantur

349 4258 488 4336 legaliter
509 4257 669 4332 unicuique
690 4255 804 4332 petenti
824 4271 934 4331 panem
954 4272 1091 4329 coquere,
1113 4255 1143 4310 et
1164 4251 1202 4310 de
1223 4252 1267 4309 eis
1288 4249 1401 4308 furtum
1423 4268 1483 4308 non
1504 4248 1604 4309 facere
1621 4259 1664 4304 set

290 4398 323 4451 30
349 4372 527 4446 consentire;
549 4369 627 4446 quod
650 4370 675 4428 si
696 4369 789 4441 fieret,
812 4372 971 4427 teneantur
991 4366 1029 4425 ad
1049 4385 1158 4442 penam
1179 4365 1209 4423 V
1222 4363 1393 4435 solidorum,
1425 4365 1457 4422 et
1487 4361 1625 4421 damnum
1643 4373 1664 4412 θ·

350 4486 502 4547 meudent.
523 4486 564 4545 Et
584 4505 637 4563 pro
659 4482 760 4543 labore
780 4504 834 4543 suo
855 4483 1001 4560 recipiant
1020 4501 1074 4559 pro
1094 4478 1228 4556 qnalibet
1248 4477 1367 4538 fornata
1388 4477 1463 4536 duos
1484 4495 1578 4555 panes
1600 4492 1663 4536 com-

349 4605 495 4679 petentes
508 4600 572 4660 sive
592 4600 632 4658 sit
652 4619 712 4657 una
733 4617 860 4676 persona
880 4598 945 4657 sive
964 4596 1066 4673 plures
1086 4601 1248 4671 coquentes
1269 4612 1377 4671 panem
1398 4594 1429 4652 in
1450 4592 1532 4652 dicta
1551 4593 1662 4654 fomata.

350 4718 391 4777 Et
411 4715 450 4775 de
470 4733 548 4793 pune
568 4733 657 4792 quern
678 4715 812 4774 lucratur
832 4713 884 4772 det
903 4693 984 4772 curie
1005 4717 1141 4787 quartam
1161 4714 1286 4787 partem.
1308 4709 1348 4768 Et
1368 4709 1394 4768 si
1414 4709 1528 4768 curiam
1548 4709 1579 4767 in
1598 4707 1661 4767 dicta

349 4835 435 4911 parte
456 4828 688 4903 defraudaverit,
710 4829 852 4907 puniatur
872 4829 903 4886 in
923 4827 956 4887 X
976 4825 1080 4888 solidis
1094 4823 1228 4902 qualibet
1240 4825 1314 4896 vice,
1331 4827 1361 4883 et
1375 4823 1518 4884 damnum
1529 4823 1659 4886 emendet¹
