3464 5508
656 468 693 479 ..
715 434 755 492 29
776 468 814 477 -

121 611 235 674 CXI.
258 614 311 673 De
332 611 532 674 mercantiis
553 610 789 673 revendendis.

118 779 226 841 Item
246 782 273 840 si
293 783 359 859 quis
379 783 545 860 portaverit
565 779 686 840 aliunde
707 781 807 858 aliqua
826 779 906 840 bona
926 782 1102 840 mercatoria
1126 795 1179 840 seu
1212 777 1330 840 venalia
1360 774 1399 834 ad

18 893 172 954 dictum
203 902 345 971 castrum,
368 897 449 974 quod
468 896 548 956 infra
568 898 656 956 trium
680 897 797 957 dierum
817 898 947 974 spatium
971 898 1066 974 possit
1096 898 1161 974 ipsa
1181 915 1239 970 quo
1269 893 1400 954 voluerit

13 1018 190 1086 portare,
216 1034 277 1072 non
298 1013 442 1074 solvendo
463 1013 584 1090 aliquod
603 1013 782 1090 planaticum
802 1014 892 1085 curie,
915 1017 949 1070 ut
969 1016 1144 1072 consuetum
1175 1016 1230 1070 est.
1262 1009 1296 1069 Si
1326 1027 1398 1068 vero

13 1126 118 1185 ultra
147 1133 227 1188 tres
248 1128 313 1188 dies
333 1128 413 1188 dicta
433 1127 512 1188 bona
531 1131 562 1187 in
584 1129 664 1188 dicto
684 1133 781 1188 castro
802 1129 941 1200 tenuerit,
963 1129 989 1187 si
1010 1127 1168 1188 extrahere
1189 1126 1326 1196 voluerit,
1341 1124 1399 1184 sol·
1430 1135 1440 1185 5

19 1245 86 1298 vat
113 1242 318 1318 planaticum
338 1244 430 1316 curie,
451 1247 485 1302 ut
505 1245 537 1303 in
557 1243 687 1322 capilulo
709 1243 746 1302 de
767 1242 911 1320 planetico
932 1243 1111 1301 continetur.

126 1416 248 1478 GXH.
270 1421 322 1480 De
343 1437 432 1496 pena
456 1419 661 1483 intrantium
693 1419 823 1481 dictum
854 1422 1008 1480 castrum
1039 1416 1178 1479 aliunde
1209 1434 1315 1493 quam
1335 1435 1396 1494 per

23 1536 214 1607 portam.

125 1704 224 1762 Item
244 1706 426 1781 quicumque
445 1705 602 1766 intraverit
622 1706 673 1766 vel
693 1706 801 1765 exierit
821 1706 935 1765 dictum
957 1710 1088 1774 castrum
1108 1706 1166 1764 nisi
1197 1725 1251 1782 per
1281 1709 1398 1783 portam

30 1819 78 1879 de
106 1819 187 1892 die,
207 1819 352 1898 puniatur
372 1821 404 1880 in
424 1821 454 1881 V
475 1820 586 1895 solidis,
609 1820 647 1880 de
668 1826 755 1881 nocte
774 1823 807 1881 in
826 1822 867 1881 X.
895 1823 935 1881 Et
965 1822 1021 1881 hoc
1051 1841 1112 1880 non
1142 1821 1330 1898 intelligatur
1361 1821 1398 1880 de
1430 1832 1462 1871 10

28 1933 244 2009 exbannitis,
266 1941 371 1995 contra
391 1957 465 2014 quos
485 1939 568 1996 curia
588 1937 731 2015 procedat
751 1937 790 1995 ad
811 1935 977 1996 arbitrium.
989 1936 1022 1996 si
1042 1955 1113 1996 vero
1133 1939 1267 2013 tempore
1288 1954 1398 2012 guerre

30 2051 115 2124 quis
144 2051 312 2112 intraverit
332 2054 366 2110 ut
386 2050 592 2130 supradictum
612 2056 666 2124 est,
690 2051 860 2129 duplicetur
880 2070 967 2129 pena,
979 2057 1010 2111 et
1024 2051 1106 2110 curia
1119 2051 1214 2128 possit
1228 2047 1398 2109 omnimodo

33 2165 235 2242 procedere.

138 2343 263 2402 OXHI.
280 2343 381 2420 Quod
395 2341 570 2404 confitenti
585 2341 750 2404 delictum
765 2346 940 2406 relaxetur
950 2346 1064 2406 solum
1076 2350 1197 2422 quarta
1209 2307 1291 2422 pars
1301 2363 1398 2423 pene.

137 2513 222 2572 Item
242 2515 269 2573 si
290 2515 357 2591 quis
378 2518 535 2573 accusatus
555 2515 604 2575 vel
626 2515 823 2574 denunciatus
844 2515 937 2574 fuerit
957 2516 1006 2576 vel
1020 2523 1124 2576 contra
1138 2536 1207 2576 eum
1220 2537 1274 2595 per
1285 2519 1398 2577 curiam
1429 2533 1459 2588 ις

42 2627 242 2703 inquisitum
264 2629 302 2688 de
323 2649 512 2706 quocumque
532 2629 673 2690 malefitio
694 2631 744 2692 vel
765 2631 882 2704 delicto,
905 2635 935 2690 et
949 2633 1018 2691 talis
1034 2637 1191 2692 accusatus
1206 2633 1399 2694 denuntiatus

45 2743 103 2801 vel
128 2745 295 2819 inquisitus
315 2747 348 2804 in
368 2746 561 2822 responsione
582 2746 760 2806 confiteatur
781 2746 923 2806 delictum
953 2767 1008 2826 per
1038 2767 1107 2806 eum
1137 2750 1329 2809 commissum
1360 2750 1398 2810 de

46 2879 114 2934 quo
140 2865 328 2936 quereretur,
350 2862 431 2938 quod
452 2862 490 2921 de
510 2861 759 2923 condemnatione
779 2869 883 2922 contra
903 2883 971 2924 eum
992 2862 1073 2923 facta
1094 2864 1277 2924 distrahatur
1291 2873 1398 2943 quarta

47 2996 129 3052 pars
152 2985 184 3036 et
204 2978 359 3039 relaxetur
379 2979 486 3053 eidem,
508 2998 564 3039 nec
578 2981 661 3056 exigi
675 2978 833 3040 abeodem
848 2982 942 3058 possit
955 2985 1063 3057 quarta
1076 3001 1147 3058 pars
1160 2981 1295 3059 predicte
1309 3003 1397 3063 pene.

142 3155 258 3216 OXIV.
280 3157 381 3234 Quod
401 3172 471 3217 non
492 3160 661 3233 cogantur
681 3155 839 3219 homines
860 3159 905 3218 ad
926 3156 1003 3232 alia,
1025 3174 1091 3233 que
1113 3157 1148 3220 in
1169 3160 1312 3222 statutis
1326 3178 1396 3224 non
1425 3179 1461 3218 20

51 3270 293 3335 continentur.

142 3446 224 3505 Item
245 3444 326 3521 quod
346 3445 430 3503 curia
450 3462 506 3502 nec
527 3444 634 3519 aliquis
654 3441 784 3502 offitialis
805 3443 869 3502 eius
890 3444 951 3502 ullo
972 3443 1059 3504 modo
1080 3446 1176 3522 possit
1206 3463 1315 3522 cogere
1346 3446 1398 3505 ali-

54 3582 153 3639 quem
172 3562 324 3621 hominem
346 3560 417 3619 dicti
437 3562 528 3620 castri
548 3559 587 3619 ad
608 3559 728 3636 aliquod
749 3560 831 3620 aliud
851 3562 1007 3622 servitium
1035 3559 1227 3635 faciendum,
1259 3566 1290 3622 et
1320 3582 1396 3622 onus

54 3677 147 3736 aliud
166 3676 413 3754 supportandum,
434 3677 493 3736 nisi
514 3676 553 3735 ad
572 3695 609 3735 ea
629 3680 747 3735 tantum
767 3696 826 3752 que
847 3678 878 3734 in
905 3677 1045 3754 capitulis
1075 3681 1255 3737 statutorum
1275 3697 1398 3756 presen-

55 3795 137 3852 tium
159 3793 360 3853 declarantur.
381 3792 449 3852 Nisi
469 3793 549 3868 quod
569 3797 703 3870 tempore
724 3811 834 3869 guerre
848 3796 1008 3852 tencantur
1022 3791 1122 3852 facere
1136 3793 1302 3852 custodiam
1316 3795 1397 3854 intus
1426 3808 1456 3862 25

56 3912 194 3967 castrum
214 3906 253 3966 do
274 3911 370 3967 nocte.

147 4085 244 4146 OXV.
268 4085 362 4145 Ordo
386 4083 625 4146 faciendorum
647 4083 845 4147 ottitialium
866 4083 1074 4147 communis.

144 4255 223 4314 Item
245 4252 325 4330 quod
346 4251 484 4313 omnibus
504 4273 558 4313 sex
590 4253 743 4313 mensibus
773 4254 981 4314 comestabiles
1012 4261 1042 4314 et
1072 4257 1207 4314 massarii
1238 4256 1398 4315 consiliarii

65 4372 139 4431 dicti
160 4370 252 4429 castri
272 4374 432 4429 teneantur
453 4376 483 4429 et
504 4368 651 4441 debeant,
672 4367 729 4427 sub
759 4388 838 4448 pena
868 4371 928 4429 XL
958 4371 1120 4430 solidorum
1151 4390 1205 4448 per
1235 4370 1398 4446 quemlibet

66 4487 343 4561 contrafacientem‚
362 4488 395 4546 in
414 4486 475 4546 fine
496 4507 599 4546 eorum
620 4486 705 4545 offitii
718 4487 888 4545 coadunare
909 4492 939 4546 et
959 4506 1124 4548 convocare
1145 4507 1303 4547 commune
1324 4487 1397 4545 dicti
1425 4511 1459 4563 30

66 4610 166 4680 castri,
187 4626 289 4666 coram
311 4625 368 4682 quo
389 4603 509 4682 publice
528 4607 642 4681 ponant
662 4603 700 4662 de
725 4604 854 4679 singulis
884 4623 938 4680 per
968 4622 1019 4662 eos
1050 4609 1080 4662 et
1110 4603 1274 4679 quemlibet
1294 4623 1396 4663 eorum

67 4725 162 4804 gestis
182 4721 310 4784 liberam
329 4722 483 4794 rationem,
505 4725 536 4780 et
556 4718 636 4796 quod
657 4721 689 4779 in
709 4719 789 4778 dicta
809 4718 1027 4779 coadunatione
1047 4723 1077 4777 et
1090 4720 1213 4779 consilio
1225 4718 1397 4797 obligentur
