3464 5508
677 459 715 472 ..
739 429 835 487 19..

100 594 219 657 LXX.
246 598 314 660 De
340 619 453 678 pena
472 604 739 682 percutientium
760 622 843 668 cum
862 605 999 666 baculo.

98 761 193 824 Item
217 767 251 826 si
275 770 364 845 quis
391 772 506 834 baculo
527 773 625 835 ethis
645 773 793 835 similibus
819 775 934 851 aliquos
954 773 1138 852 percusserit
1168 773 1233 831 sine
1264 771 1423 848 sanguinis

13 874 175 938 effusione
200 901 223 940 a
247 902 376 947 canna
404 887 492 964 infra,
514 891 657 968 puniatur
676 891 708 950 iu
728 890 794 950 XX
814 889 935 961 solidos,
958 909 976 947 a
996 908 1093 948 canna
1117 909 1209 966 supra
1233 889 1265 946 in
1295 887 1363 946 XL.
1386 886 1422 946 si

10 1013 87 1053 vero
111 1013 195 1056 cum
219 1004 420 1079 sanguinis
441 1004 587 1066 effusione
607 1007 672 1066 sine
693 1007 805 1066 lesione
820 1004 1030 1079 membrorum,
1051 1024 1180 1064 acanna
1193 1002 1273 1063 infra
1292 1003 1352 1062 XL
1372 1022 1423 1063 so-

9 1107 103 1183 111103,
129 1131 151 1170 a
175 1132 301 1176 canna
325 1139 434 1200 supra
453 1123 485 1180 16
505 1123 576 1182 ΙΠΙ
596 1121 689 1182 libras
712 1122 904 1182 denariorum
918 1123 1060 1200 puniatur
1075 1121 1263 1198 deliuquens.
1278 1120 1420 1180 Pastores
1450 1131 1463 1183 5

11 1243 89 1285 vero
107 1227 146 1287 in
162 1227 371 1296 dimidium
384 1237 588 1315 predictorum
608 1238 780 1316 puniantur,
802 1237 829 1296 si
849 1235 922 1295 talia
942 1236 1155 1296 commiserint.

105 1408 253 1473 LXXI.
282 1416 355 1477 De
376 1433 467 1493 pena
486 1415 751 1493 percutientium
772 1432 854 1479 cum
875 1414 993 1478 611616.

106 1577 205 1640 Item
230 1585 441 1662 quicumque
460 1590 643 1665 percusserit
663 1589 793 1665 aliquem
814 1589 953 1663 cultello,
986 1608 1078 1662 ense,
1100 1588 1207 1660 clava,
1239 1587 1344 1645 lancea
1370 1591 1420 1650 vel

20 1695 154 1770 sagitta,
181 1702 221 1758 ct
246 1699 310 1761 his
336 1701 485 1763 similibus
507 1714 559 1763 661
579 1704 722 1783 lapide,a
743 1724 840 1765 canna
861 1708 891 1764 et
911 1701 991 1764 infra
1007 1704 1072 1764 siue
1090 1703 1247 1780 sanguinis
1261 1700 1415 1775 effusione,

21 1808 92 1867 vice
119 1811 284 1886 quadam
311 1820 457 1896 puniatur
476 1820 510 1878 iu
530 1820 589 1879 XL
611 1820 734 1894 solidos,
756 1821 783 1880 si
803 1841 875 1881 vare
889 1839 956 1880 cnm
970 1820 1128 1897 sanguinis
1142 1817 1296 1892 effusione,
1311 1821 1414 1877 1616611
1449 1833 1481 1870 10

25 1923 94 1984 sine
116 1927 259 1992 lesione
286 1933 506 2010 membrorum,
528 1936 557 1996 V
580 1935 665 1997 libris
686 1937 878 1998 denariorum
899 1937 1050 2014 puniatur.
1083 1935 1115 1994 Si
1146 1953 1281 1994 acauna
1312 1952 1414 2012 supra,

26 2041 97 2101 sine
121 2049 317 2124 sanguinis
336 2049 483 2110 effusione
506 2052 573 2128 quis
588 2055 777 2131 rpercusserit
798 2054 929 2130 aliquem
950 2071 1018 2111 oum
1040 2050 1129 2110 dictis
1149 2051 1241 2110 armis
1263 2054 1293 2110 et
1314 2047 1413 2122 rebus,
1524 2089 1528 2096 -

34 2165 89 2216 aut
111 2179 175 2237 per
200 2171 335 2226 terram
354 2167 577 2244 straginaverit‚
601 2169 632 2228 in
653 2167 750 2229 tribus
770 2168 855 2229 libris
877 2168 1068 2229 denariorum
1093 2168 1244 2245 puniatur.
1277 2166 1310 2226 Si
1340 2184 1413 2226 vero

35 2290 54 2329 a
75 2293 190 2336 canna
214 2299 324 2360 supra
344 2301 413 2341 cum
433 2285 591 2360 sanguinis
612 2282 760 2344 effusione
781 2285 846 2344 sine
871 2285 986 2344 lesione
1017 2282 1239 2357 membrorum,
1271 2284 1415 2361 puniatur

39 2387 73 2446 iu
96 2388 221 2453 decem
246 2395 339 2456 libris
360 2396 562 2458 denariorum.
583 2399 624 2457 Et
643 2401 675 2458 in
696 2398 832 2475 quolibet
851 2399 1055 2477 predictorum
1077 2418 1199 2458 casuum
1225 2399 1413 2476 intelligatur
1445 2411 1473 2463 15

42 2503 70 2560 si
89 2501 198 2567 fuerit
224 2511 305 2572 111116
326 2511 407 2573 facta
427 2533 543 2574 accusa.
565 2516 607 2574 Et
626 2516 653 2575 si
667 2515 776 2592 aliquis
790 2517 821 2574 in
835 2515 941 2576 cadem
955 2516 1022 2574 rixa
1036 2518 1140 2574 contra
1153 2513 1255 2591 plures
1269 2531 1412 2591 personas

45 2619 216 2692 predictos
242 2646 389 2688 excessus
409 2631 601 2705 commiserit,
621 2632 767 2709 puniatur
789 2633 821 2689 in
841 2630 904 2690 XV
926 2629 1011 2690 libris
1032 2629 1231 2689 denariorum.

137 2803 291 2867 LXXII.
313 2807 366 2868 De
386 2805 659 2884 percutientibus
680 2823 763 2869 cum
783 2805 891 2869 armis
913 2805 949 2869 in
971 2806 1068 2869 facie.

139 2972 232 3035 Item
253 2977 279 3035 si
301 2977 409 3054 aliquis
430 2979 561 3055 aliquem
581 2979 764 3056 percusserit
784 2977 914 3051 cultello,
936 2978 986 3038 vel
1007 2995 1087 3050 ense,
1110 2977 1203 3050 clava,
1226 2977 1339 3050 lancea,
1361 2996 1412 3036 sa·

61 3085 151 3162 gitta,
175 3089 320 3165 falciene,
342 3093 392 3154 vel
412 3093 522 3171 lapide,
543 3113 597 3154 seu
617 3092 724 3154 baculo
745 3099 776 3153 et
796 3094 844 3153 his
863 3091 1013 3152 similibus
1032 3093 1064 3151 in
1078 3091 1155 3152 facie
1170 3111 1239 3151 oum
1253 3093 1410 3169 sanguinis
1439 3093 1474 3134 ²⁰

64 3199 230 3285 effusione,
252 3209 295 3267 ita
315 3209 396 3285 quod
416 3210 538 3287 signum
559 3217 647 3288 turpe
667 3213 811 3287 appareat
832 3218 862 3267 et
881 3210 913 3266 in
933 3207 1010 3268 facie
1031 3208 1167 3285 percussi
1190 3214 1362 3280 remaneat,
1384 3209 1411 3267 si

66 3333 138 3380 cum
159 3324 286 3384 cultello
307 3330 338 3383 et
359 3324 407 3383 his
426 3323 597 3398 similibus,
617 3326 760 3403 puniatur
775 3327 822 3383 'in
852 3324 914 3384 XV
945 3322 1030 3383 libris
1061 3323 1251 3382 denariorum
1263 3341 1270 3398 ;
1296 3325 1411 3389 sicum

68 3433 174 3513 lapide
194 3441 245 3502 vel
266 3439 373 3500 baculo
393 3443 424 3500 in
445 3441 478 3500 X
497 3439 591 3501 libris.
612 3441 756 3502 Mulieres
776 3460 848 3501 voro
869 3446 900 3500 et
920 3442 1050 3500 minores
1071 3440 1133 3500 XV
1154 3441 1241 3499 annis
1261 3459 1356 3516 usque
1372 3440 1411 3499 ad

72 3547 180 3616 <locem
200 3577 304 3631 annos,
325 3558 353 3617 si
371 3557 444 3616 talia
464 3557 674 3632 commiserint,
695 3558 859 3636 puniantur
872 3557 903 3615 iu
917 3561 1038 3616 centum
1058 3556 1170 3616 solidis.
1185 3557 1264 3616 Etsi
1280 3556 1410 3618 offensor

72 3684 183 3741 penam
202 3671 321 3734 solvere
341 3692 403 3732 non
422 3673 532 3750 poterit
552 3671 601 3733 vel
621 3673 792 3750 neglexerit
811 3669 891 3730 iufra
912 3676 1130 3750 competentem
1158 3673 1319 3732 terminum
1350 3673 1409 3734 sibi
1437 3690 1468 3743 25

76 3779 188 3862 datum,
208 3794 241 3847 61
260 3788 328 3866 capi
346 3789 465 3866 poterit,
487 3787 654 3847 secundum
673 3789 740 3846 1616
759 3787 910 3864 puniatur.
933 3788 972 3847 Et
992 3789 1018 3846 si
1039 3789 1106 3866 cupi
1126 3808 1187 3848 non
1206 3790 1318 3866 poterit
1340 3812 1408 3870 pro-

75 3900 200 3962 cedatur
213 3907 319 3963 centra
332 3921 402 3963 eum
416 3901 455 3961 ad
470 3900 687 3960 diffidationem
700 3906 732 3960 et
744 3899 979 3981 publicationem
992 3899 1139 3961 bonorum
1152 3905 1234 3961 66116
1248 3913 1279 3962 61
1293 3902 1407 3965 offenso

78 4033 129 4090 pro
148 4019 238 4080 tertia
257 4022 352 4096 parte.
373 4018 413 4076 Et
433 4017 514 4094 quod
534 4017 566 4076 in
587 4015 725 4076 omnibus
744 4015 988 4094 percussionibus
1008 4033 1167 4094 percussor
1187 4023 1314 4096 cogatur
1335 4019 1407 4080 dare

80 4136 204 4207 pretium
224 4133 431 4194 medicaminis
450 4152 601 4211 percusso,
623 4134 776 4193 taxatione
796 4136 899 4193 tamen
919 4132 1074 4192 castellani
1094 4153 1148 4193 seu
1168 4135 1283 4194 vicarii.

154 4315 307 4375 LXXIII.
328 4315 381 4375 De
401 4328 491 4389 pena
509 4312 697 4375 homicidii.
1435 4317 1469 4372 30

154 4486 234 4545 Item
254 4485 368 4561 siquis
388 4483 518 4560 aliquem
539 4484 681 4544 occiderit
700 4486 750 4546 vel
771 4485 866 4546 occidi
886 4485 1000 4559 fecerit,
1022 4487 1048 4544 si
1069 4489 1135 4565 capi
1153 4492 1271 4566 poterit,
1285 4500 1405 4556 servato

85 4602 149 4663 iuris
167 4601 272 4662 ordine
293 4600 332 4661 ad
352 4600 451 4660 locum
471 4601 585 4660 iustitie
605 4599 741 4676 ducatur,
763 4607 794 4661 et
814 4601 1033 4678 detrunquetur
1053 4604 1111 4664 sibi
1132 4613 1222 4686 caput
1252 4611 1294 4668 ita
1325 4611 1406 4687 quod

88 4717 199 4780 abusto
219 4720 384 4796 separetur,
406 4719 438 4775 et
457 4716 609 4789 moriatur,
630 4717 688 4777 nisi
707 4719 902 4797 propinquior
922 4723 1164 4802 consanguineus
1185 4725 1275 4785 occisi
1289 4725 1405 4785 miseri·
