3464 5508
928 453 966 466 -.
988 421 1027 480 26
1049 455 1086 466 ..-

339 537 476 614 propriIs,
497 533 668 595 feudalibus
689 543 721 594 et
739 536 957 610 aeclesiasticis,
974 535 1123 596 destrictis
1144 537 1193 599 vel
1212 535 1357 597 laboratis
1379 540 1415 596 et
1435 533 1595 604 seminatis,
1612 552 1658 590 ma·
1718 573 1719 607 3

340 651 469 712 naaliter
489 654 542 710 aut
561 651 695 711 studiose
722 655 753 710 et
783 649 990 710 fraudolenter
1019 651 1058 710 ad
1087 651 1325 728 recolligendum
1357 649 1478 708 baccas
1509 651 1540 706 et
1566 645 1660 704 fructus

340 766 488 828 dictarum
508 765 649 828 arborum
670 768 718 829 vel
738 787 807 827 cnm
828 766 942 842 bestiis,
964 767 1001 826 de
1022 767 1071 827 die
1091 769 1233 846 puniatur
1254 771 1285 827 ln
1305 767 1425 828 solidos
1447 764 1480 824 V
1502 767 1533 822 at
1547 761 1663 822 decocta
1718 803 1719 838 ,

339 885 371 942 in
392 883 516 962 duplum
536 904 590 962 pro
611 882 745 960 qualibet
764 885 839 958 vice,
861 889 892 944 et
912 904 1000 945 omne
1021 884 1164 944 damnum
1184 884 1325 944 emendat
1354 889 1426 942 tam
1454 881 1495 940 de
1526 878 1667 938 bacaiset
1718 923 1719 956 ζ

300 1027 311 1080 5
340 997 491 1059 fructibus
510 998 651 1060 arborum
672 1019 763 1077 qnam
783 997 938 1060 fructuum
958 1005 1048 1062 terre.

419 1177 551 1238 XOVII.
572 1178 625 1239 De
646 1195 734 1255 pena
756 1178 869 1241 dantis
891 1181 1060 1241 damnum
1081 1177 1117 1241 in
1139 1177 1275 1240 edifitiis
1296 1176 1479 1239 comunis.

422 1347 501 1407 Item
521 1347 548 1407 si
568 1349 634 1425 quis
655 1347 798 1408 damnum
818 1348 937 1408 dederit
955 1350 987 1408 in
1007 1350 1081 1409 locis
1102 1355 1133 1408 et
1152 1348 1275 1410 edifitiis
1289 1350 1440 1420 comunis,
1459 1349 1493 1405 et
1509 1342 1602 1402 muris
1615 1339 1672 1397 dicti

343 1465 442 1538 castri,
463 1471 494 1524 at
514 1462 652 1524 fontanili
673 1463 764 1526 fontis
785 1469 816 1526 et
835 1466 867 1524 in
887 1465 1126 1543 quibuscumque
1156 1464 1297 1544 operibus
1327 1465 1495 1535 comunis,
1530 1455 1673 1518 emendato

344 1577 462 1653 damno,
483 1580 625 1658 puniatur
645 1581 676 1639 in
697 1579 822 1658 duplum
843 1581 953 1640 valoris
974 1579 1084 1654 damni,
1107 1585 1137 1640 at
1157 1583 1240 1640 curia
1260 1581 1435 1641 omnimodo
1459 1573 1616 1656 procedat

283 1781 316 1820 ro
423 1757 574 1818 xevm.
595 1758 648 1818 De
670 1756 827 1818 custodIa
847 1762 954 1833 porte.

421 1927 500 1988 Item
520 1927 547 1986 si
567 1928 633 2004 quis
654 1947 712 1987 non
734 1928 792 1988 iret
812 1927 851 1986 ad
872 1927 1040 1986 custodiam
1059 1931 1140 1987 terra
1161 1926 1199 1986 de
1219 1930 1325 1999 nocta,
1347 1946 1405 2001 que
1426 1923 1495 1984 sibi
1522 1925 1603 1980 assat
1629 1933 1672 1991 per
1716 1943 1717 1984 1

342 2048 432 2122 capnt
452 2042 558 2103 decem
578 2044 740 2120 assignata,
762 2044 903 2121 puniatur
924 2044 955 2102 in
976 2043 1091 2104 XVIII
1112 2043 1252 2103 denariis.
1273 2043 1359 2102 Etsi
1380 2043 1485 2120 ipsam
1508 2032 1672 2100 custodiam,
1718 2105 1719 2110 1

341 2162 499 2237 postquam
520 2159 617 2231 iverit,
638 2157 809 2234 relinquare
828 2160 1064 2236 presumpserit,
1085 2159 1227 2236 puniatur
1248 2160 1280 2217 in
1300 2158 1330 2219 V
1350 2159 1480 2232 solidos,
1506 2160 1544 2216 ut
1563 2167 1671 2212 conant
1718 2201 1719 2224 ,

342 2279 407 2334 tum
428 2277 483 2333 est.

284 2469 313 2522 15
423 2451 540 2511 XCIX.
562 2452 615 2511 De
635 2467 724 2527 pena
745 2449 1038 2512 macellariorum.

422 2618 501 2678 Item
514 2620 540 2678 si
553 2620 620 2696 quis
640 2619 828 2679 macellarius
842 2637 895 2678 seu
910 2637 1016 2678 carnes
1030 2618 1174 2692 vendens,
1190 2619 1362 2679 vendiderit
1375 2619 1467 2677 alicui
1482 2617 1563 2677 alIas
1576 2623 1668 2670 earnes
1711 2686 1712 2704 ἶ

342 2755 396 2812 pro
416 2735 482 2792 aliis
502 2733 651 2808 carnibus,
673 2735 722 2796 vel
741 2755 796 2812 pro
816 2736 920 2794 maiori
939 2736 1034 2813 pretio
1056 2755 1145 2811 quam
1166 2732 1312 2808 debuerit,
1333 2734 1384 2794 vel
1407 2733 1447 2792 ad
1461 2731 1601 2812 pondera
1613 2739 1663 2782 11011
1718 2772 1719 2775 η

342 2852 429 2924 iusta,
450 2851 499 2912 val
520 2850 559 2910 ad
578 2853 732 2911 statoriam
753 2870 813 2909 non
834 2851 951 2924 iustam,
973 2850 1022 2910 vel
1044 2851 1214 2910 morticinas
1234 2869 1341 2911 carnes
1362 2850 1400 2910 ad
1432 2849 1598 2911 macellum
1626 2835 1665 2898 vel
1708 2869 1712 2927 ,j

342 2963 479 3040 infectae,
501 2967 567 3026 vice
588 2963 723 3043 qualibet
742 2966 885 3043 puniatur
904 2967 937 3025 in
956 2965 1015 3024 XL
1036 2964 1148 3026 solidis.

282 3162 317 3202 20
426 3141 460 3202 (t.
482 3142 535 3202 De
555 3159 645 3218 pena
665 3140 952 3204 tabernariorum.

422 3311 503 3371 Item
523 3310 603 3388 quod
624 3312 750 3389 quilibet
769 3312 958 3374 tabernarius
976 3316 1079 3373 teneat
1099 3332 1254 3373 mensures
1274 3315 1369 3374 iustas
1390 3317 1421 3372 et
1442 3313 1569 3390 legales,
1585 3308 1661 3377 atque

344 3425 509 3486 adinstataa
529 3447 584 3505 per
604 3432 809 3505 superstantes
830 3428 902 3488 dicti
923 3429 1013 3488 castri
1033 3431 1064 3486 at
1084 3428 1232 3512 sigillatas
1251 3429 1352 3506 sigillo
1372 3428 1464 3487 curie.
1485 3428 1527 3486 Et
1541 3422 1593 3501 qul
1606 3433 1663 3476 00¹1·
1711 3431 1715 3485 i

343 3543 497 3605 trafecerit
516 3546 659 3623 puniatur
678 3546 711 3605 iu
730 3546 789 3604 XL
810 3545 922 3606 solidis.

424 3721 475 3783 01.
496 3723 549 3783 De
569 3738 658 3799 pena
678 3721 958 3783 defraudandum
980 3722 1114 3784 curtam
1133 3725 1188 3783 vel
1210 3719 1360 3798 aliquem
1380 3721 1498 3783 aliurn.

283 3923 314 3977 25
423 3889 503 3950 Item
523 3893 550 3950 si
563 3893 630 3969 qula
651 3889 876 3952 defraudaverit
896 3893 1010 3951 auriam
1031 3892 1063 3951 in
1083 3909 1270 3967 quocumque
1290 3889 1419 3963 redditu,
1436 3909 1491 3949 seu
1505 3905 1606 3957 censu,
1619 3873 1659 3940 vel
1710 3846 1712 3873 Ι

343 4005 375 4063 in
395 4005 495 4082 aliqua
514 4010 601 4085 parte
621 4006 782 4080 fructuum,
803 4007 945 4085 puniatur
964 4009 996 4066 in
1016 4007 1075 4066 XL
1089 4007 1193 4066 solidIe
1205 4007 1271 4067 vioe
1285 4003 1427 4082 qnalibet.
1443 4005 1476 4064 Si
1491 4024 1564 4066 vero
1578 4001 1657 4061 elium
1712 3983 1719 4075 ,s

343 4138 361 4178 a
381 4121 463 4181 curia
483 4121 716 4196 defraudaverit,
736 4124 880 4201 puniatur
897 4124 930 4182 in
950 4121 1076 4202 duplum
1094 4124 1139 4183 rei
1159 4121 1306 4196 fraudate,
1329 4131 1359 4181 et
1378 4141 1443 4181 rem
1474 4121 1583 4180 reddat
1611 4125 1656 4174 ⁸011

343 4238 488 4310 restItuat,
510 4240 574 4312 sive
595 4258 717 4298 censum
738 4247 773 4298 ut
791 4243 921 4299 tenetur.
1709 4232 1715 4305 i

423 4412 491 4473 011.
513 4414 613 4491 Quod
634 4412 785 4477 virarius
805 4431 875 4476 non
895 4413 1003 4491 possit
1032 4416 1218 4490 procedere
1250 4418 1371 4475 contra
1403 4411 1554 4488 aliquem
1579 4409 1656 4472 ultra

284 4547 316 4601 30
345 4528 498 4590 formam
517 4530 741 4592 Statutorum.

423 4696 496 4756 ltem
517 4696 597 4774 quod
616 4696 797 4756 castellanus
817 4715 872 4756 seu
892 4695 1022 4758 vicarius
1042 4693 1235 4754 nullomodo
1256 4698 1361 4756 contra
1380 4694 1511 4770 aliquam
1531 4691 1569 4753 de
1589 4689 1654 4752 dioto

343 4815 441 4873 castro
461 4808 613 4890 procedat,
633 4827 690 4870 nee
710 4809 838 4886 aliquem
859 4807 1038 4868 condemnet
1057 4808 1137 4867 ultra
1150 4806 1278 4868 formam
1291 4809 1479 4887 presentium
1493 4810 1653 4866 statutorum
