<?xml version="1.0" encoding="UTF-8"?>
<!DOCTYPE html PUBLIC "-//W3C//DTD XHTML 1.0 Transitional//EN"
    "http://www.w3.org/TR/xhtml1/DTD/xhtml1-transitional.dtd">
<html xmlns="http://www.w3.org/1999/xhtml" xml:lang="en" lang="en">
 <head>
  <title>
</title>
<meta http-equiv="Content-Type" content="text/html;charset=utf-8" />
  <meta name='ocr-system' content='tesseract 3.04.00' />
  <meta name='ocr-capabilities' content='ocr_page ocr_carea ocr_par ocr_line ocrx_word'/>
</head>
<body>
  <div class='ocr_page' id='page_1' title='image "./statutidiolevan00mantgoog_0016.png"; bbox 0 0 3464 5508; ppageno 0'>
   <div class='ocr_carea' id='block_1_1' title="bbox 426 397 508 458">
    <p class='ocr_par' dir='ltr' id='par_1_1' title="bbox 426 397 508 458">
     <span class='ocr_line' id='line_1_1' title="bbox 426 397 508 458; baseline 0 0"><span class='ocrx_word' id='word_1_1' title='bbox 426 397 508 458; x_wconf 84' lang='lat' dir='ltr'><strong>VIII</strong></span> 
     </span>
    </p>
   </div>
   <div class='ocr_carea' id='block_1_2' title="bbox 347 515 1708 3310">
    <p class='ocr_par' dir='ltr' id='par_1_2' title="bbox 347 515 1708 3314">
     <span class='ocr_line' id='line_1_2' title="bbox 349 515 1680 600; baseline 0 -20"><span class='ocrx_word' id='word_1_2' title='bbox 349 516 387 580; x_wconf 90' lang='lat' dir='ltr'>in</span> <span class='ocrx_word' id='word_1_3' title='bbox 410 515 537 600; x_wconf 89' lang='lat' dir='ltr'>Napoll</span> <span class='ocrx_word' id='word_1_4' title='bbox 561 517 620 580; x_wconf 91' lang='lat' dir='ltr'>nel</span> <span class='ocrx_word' id='word_1_5' title='bbox 646 515 730 582; x_wconf 81' lang='grc'>1818</span> <span class='ocrx_word' id='word_1_6' title='bbox 754 517 814 581; x_wconf 87' lang='lat' dir='ltr'>dal</span> <span class='ocrx_word' id='word_1_7' title='bbox 836 516 1133 598; x_wconf 88' lang='lat' dir='ltr'>Soprintendenta</span> <span class='ocrx_word' id='word_1_8' title='bbox 1150 515 1300 582; x_wconf 82' lang='lat' dir='ltr'>Camillo</span> <span class='ocrx_word' id='word_1_9' title='bbox 1316 516 1461 580; x_wconf 75' lang='grc'>1111111111</span> <span class='ocrx_word' id='word_1_10' title='bbox 1476 515 1610 580; x_wconf 79' lang='lat' dir='ltr'>Ricclo</span> <span class='ocrx_word' id='word_1_11' title='bbox 1626 519 1680 580; x_wconf 91' lang='lat' dir='ltr'>uel</span> 
     </span>
     <span class='ocr_line' id='line_1_3' title="bbox 349 621 1030 708; baseline -0.001 -19"><span class='ocrx_word' id='word_1_12' title='bbox 349 621 479 708; x_wconf 56' lang='lat' dir='ltr'>sapato</span> <span class='ocrx_word' id='word_1_13' title='bbox 503 623 542 688; x_wconf 79' lang='grc'>11</span> <span class='ocrx_word' id='word_1_14' title='bbox 570 622 698 690; x_wconf 73' lang='lat' dir='ltr'>cosroe</span> <span class='ocrx_word' id='word_1_15' title='bbox 721 621 1030 708; x_wconf 68' lang='lat' dir='ltr'>diplomaticae).</span> 
     </span>
     <span class='ocr_line' id='line_1_4' title="bbox 420 715 1708 813; baseline -0.001 -15"><span class='ocrx_word' id='word_1_16' title='bbox 420 741 508 798; x_wconf 84' lang='lat' dir='ltr'>Anno</span> <span class='ocrx_word' id='word_1_17' title='bbox 528 743 606 806; x_wconf 75' lang='lat'>1271,</span> <span class='ocrx_word' id='word_1_18' title='bbox 626 745 658 797; x_wconf 87' lang='lat'>11</span> <span class='ocrx_word' id='word_1_19' title='bbox 678 743 779 813; x_wconf 88' lang='lat' dir='ltr'>aprile,</span> <span class='ocrx_word' id='word_1_20' title='bbox 801 743 848 796; x_wconf 86' lang='lat'>14·</span> <span class='ocrx_word' id='word_1_21' title='bbox 866 743 1025 812; x_wconf 78' lang='lat' dir='ltr'>inditione,</span> <span class='ocrx_word' id='word_1_22' title='bbox 1046 743 1148 798; x_wconf 81' lang='lat' dir='ltr'>Roma.</span> <span class='ocrx_word' id='word_1_23' title='bbox 1707 715 1708 750; x_wconf 48' lang='lat'>¹</span> 
     </span>
     <span class='ocr_line' id='line_1_5' title="bbox 419 831 1683 902; baseline -0.002 -14"><span class='ocrx_word' id='word_1_24' title='bbox 419 833 462 888; x_wconf 75' lang='lat' dir='ltr'>aa</span> <span class='ocrx_word' id='word_1_25' title='bbox 480 831 565 888; x_wconf 83' lang='lat' dir='ltr'>(lario</span> <span class='ocrx_word' id='word_1_26' title='bbox 584 833 663 887; x_wconf 87' lang='lat' dir='ltr'>nella</span> <span class='ocrx_word' id='word_1_27' title='bbox 681 833 792 902; x_wconf 71' lang='lat' dir='ltr'>qualite</span> <span class='ocrx_word' id='word_1_28' title='bbox 810 832 839 886; x_wconf 90' lang='lat' dir='ltr'>di</span> <span class='ocrx_word' id='word_1_29' title='bbox 859 831 1000 888; x_wconf 85' lang='lat' dir='ltr'>Senatore</span> <span class='ocrx_word' id='word_1_30' title='bbox 1020 833 1049 887; x_wconf 93' lang='lat' dir='ltr'>di</span> <span class='ocrx_word' id='word_1_31' title='bbox 1068 833 1163 888; x_wconf 91' lang='lat' dir='ltr'>Roma</span> <span class='ocrx_word' id='word_1_32' title='bbox 1180 835 1284 890; x_wconf 83' lang='lat' dir='ltr'>ordIua</span> <span class='ocrx_word' id='word_1_33' title='bbox 1302 835 1357 889; x_wconf 90' lang='lat' dir='ltr'>che</span> <span class='ocrx_word' id='word_1_34' title='bbox 1371 835 1452 888; x_wconf 86' lang='lat' dir='ltr'>siano</span> <span class='ocrx_word' id='word_1_35' title='bbox 1473 834 1644 888; x_wconf 85' lang='lat' dir='ltr'>riedificate</span> <span class='ocrx_word' id='word_1_36' title='bbox 1659 834 1683 886; x_wconf 87' lang='lat' dir='ltr'>le</span> 
     </span>
     <span class='ocr_line' id='line_1_6' title="bbox 348 920 1708 990; baseline -0.001 -13"><span class='ocrx_word' id='word_1_37' title='bbox 348 937 417 978; x_wconf 81' lang='lat' dir='ltr'>case</span> <span class='ocrx_word' id='word_1_38' title='bbox 435 937 453 976; x_wconf 91' lang='lat' dir='ltr'>e</span> <span class='ocrx_word' id='word_1_39' title='bbox 471 921 498 976; x_wconf 91' lang='lat' dir='ltr'>le</span> <span class='ocrx_word' id='word_1_40' title='bbox 518 922 586 976; x_wconf 83' lang='lat' dir='ltr'>torri</span> <span class='ocrx_word' id='word_1_41' title='bbox 606 920 653 976; x_wconf 95' lang='lat' dir='ltr'>dei</span> <span class='ocrx_word' id='word_1_42' title='bbox 673 921 778 976; x_wconf 79' lang='lat' dir='ltr'>fratelli</span> <span class='ocrx_word' id='word_1_43' title='bbox 798 920 944 977; x_wconf 86' lang='lat' dir='ltr'>Giovauni</span> <span class='ocrx_word' id='word_1_44' title='bbox 965 939 982 977; x_wconf 93' lang='lat' dir='ltr'>e</span> <span class='ocrx_word' id='word_1_45' title='bbox 1002 922 1144 977; x_wconf 83' lang='lat' dir='ltr'>Pandolio</span> <span class='ocrx_word' id='word_1_46' title='bbox 1164 921 1271 977; x_wconf 89' lang='lat' dir='ltr'>Savelli</span> <span class='ocrx_word' id='word_1_47' title='bbox 1291 923 1370 977; x_wconf 90' lang='lat' dir='ltr'>nella</span> <span class='ocrx_word' id='word_1_48' title='bbox 1382 925 1454 977; x_wconf 72' lang='lat' dir='ltr'>cista</span> <span class='ocrx_word' id='word_1_49' title='bbox 1472 923 1503 976; x_wconf 89' lang='lat' dir='ltr'>di</span> <span class='ocrx_word' id='word_1_50' title='bbox 1524 923 1634 990; x_wconf 89' lang='lat' dir='ltr'>Roma,</span> <span class='ocrx_word' id='word_1_51' title='bbox 1665 939 1680 975; x_wconf 87' lang='lat' dir='ltr'>a</span> <span class='ocrx_word' id='word_1_52' title='bbox 1707 939 1708 984; x_wconf 86' lang='lat' dir='ltr'>l</span> 
     </span>
     <span class='ocr_line' id='line_1_7' title="bbox 348 987 1708 1082; baseline 0.001 -18"><span class='ocrx_word' id='word_1_53' title='bbox 348 1025 433 1080; x_wconf 89' lang='lat' dir='ltr'>spese</span> <span class='ocrx_word' id='word_1_54' title='bbox 453 1008 483 1063; x_wconf 88' lang='lat' dir='ltr'>di</span> <span class='ocrx_word' id='word_1_55' title='bbox 496 1011 565 1080; x_wconf 87' lang='lat' dir='ltr'>quei</span> <span class='ocrx_word' id='word_1_56' title='bbox 580 1011 701 1080; x_wconf 86' lang='lat' dir='ltr'>seguaci</span> <span class='ocrx_word' id='word_1_57' title='bbox 715 1025 731 1064; x_wconf 96' lang='lat' dir='ltr'>e</span> <span class='ocrx_word' id='word_1_58' title='bbox 744 1011 849 1064; x_wconf 81' lang='lat' dir='ltr'>fautori</span> <span class='ocrx_word' id='word_1_59' title='bbox 869 1011 917 1066; x_wconf 91' lang='lat' dir='ltr'>del</span> <span class='ocrx_word' id='word_1_60' title='bbox 936 1009 1077 1066; x_wconf 90' lang='lat' dir='ltr'>Senatore</span> <span class='ocrx_word' id='word_1_61' title='bbox 1096 1012 1133 1065; x_wconf 94' lang='lat' dir='ltr'>D.</span> <span class='ocrx_word' id='word_1_62' title='bbox 1155 1011 1254 1066; x_wconf 87' lang='lat' dir='ltr'>Errico</span> <span class='ocrx_word' id='word_1_63' title='bbox 1273 1009 1302 1064; x_wconf 94' lang='lat' dir='ltr'>di</span> <span class='ocrx_word' id='word_1_64' title='bbox 1322 1009 1473 1082; x_wconf 79' lang='lat' dir='ltr'>(lastigiia,</span> <span class='ocrx_word' id='word_1_65' title='bbox 1496 1013 1555 1065; x_wconf 89' lang='lat' dir='ltr'>che</span> <span class='ocrx_word' id='word_1_66' title='bbox 1577 1012 1608 1066; x_wconf 88' lang='lat' dir='ltr'>le</span> <span class='ocrx_word' id='word_1_67' title='bbox 1636 1011 1683 1065; x_wconf 88' lang='lat' dir='ltr'>de·</span> <span class='ocrx_word' id='word_1_68' title='bbox 1707 987 1708 1078; x_wconf 66' lang='grc'>1</span> 
     </span>
     <span class='ocr_line' id='line_1_8' title="bbox 348 1099 1708 1170; baseline 0 -16"><span class='ocrx_word' id='word_1_69' title='bbox 348 1099 491 1154; x_wconf 87' lang='lat' dir='ltr'>molirouo</span> <span class='ocrx_word' id='word_1_70' title='bbox 512 1101 594 1170; x_wconf 78' lang='lat' dir='ltr'>(Rep.</span> <span class='ocrx_word' id='word_1_71' title='bbox 621 1100 783 1170; x_wconf 70' lang='lat' dir='ltr'>Anytoino,</span> <span class='ocrx_word' id='word_1_72' title='bbox 809 1099 885 1154; x_wconf 77' lang='lat'><strong>1271.</strong></span> <span class='ocrx_word' id='word_1_73' title='bbox 906 1101 940 1154; x_wconf 89' lang='grc' dir='ltr'>Β.</span> <span class='ocrx_word' id='word_1_74' title='bbox 961 1117 991 1154; x_wconf 92' lang='lat' dir='ltr'>n.</span> <span class='ocrx_word' id='word_1_75' title='bbox 1015 1101 1056 1170; x_wconf 84' lang='lat'>10,</span> <span class='ocrx_word' id='word_1_76' title='bbox 1077 1102 1127 1155; x_wconf 85' lang='lat' dir='ltr'>fol.</span> <span class='ocrx_word' id='word_1_77' title='bbox 1149 1101 1222 1169; x_wconf 81' lang='lat'>158).</span> <span class='ocrx_word' id='word_1_78' title='bbox 1707 1107 1708 1122; x_wconf 73' lang='lat'><em>³</em></span> 
     </span>
     <span class='ocr_line' id='line_1_9' title="bbox 423 1186 1680 1260; baseline 0 -16"><span class='ocrx_word' id='word_1_79' title='bbox 423 1186 592 1259; x_wconf 83' lang='lat' dir='ltr'>«Scriptum</span> <span class='ocrx_word' id='word_1_80' title='bbox 613 1193 657 1244; x_wconf 88' lang='lat' dir='ltr'>est</span> <span class='ocrx_word' id='word_1_81' title='bbox 675 1189 790 1243; x_wconf 86' lang='lat' dir='ltr'>Vicario</span> <span class='ocrx_word' id='word_1_82' title='bbox 804 1189 891 1244; x_wconf 89' lang='lat' dir='ltr'>Urbis</span> <span class='ocrx_word' id='word_1_83' title='bbox 905 1191 1023 1245; x_wconf 89' lang='lat' dir='ltr'>domino</span> <span class='ocrx_word' id='word_1_84' title='bbox 1038 1191 1199 1246; x_wconf 82' lang='lat' dir='ltr'>Bertrando</span> <span class='ocrx_word' id='word_1_85' title='bbox 1215 1191 1332 1244; x_wconf 89' lang='lat' dir='ltr'>domino</span> <span class='ocrx_word' id='word_1_86' title='bbox 1343 1189 1445 1244; x_wconf 89' lang='lat' dir='ltr'>Baucii</span> <span class='ocrx_word' id='word_1_87' title='bbox 1459 1197 1518 1244; x_wconf 88' lang='lat' dir='ltr'>etc.</span> <span class='ocrx_word' id='word_1_88' title='bbox 1534 1189 1585 1242; x_wconf 83' lang='lat' dir='ltr'>Ex</span> <span class='ocrx_word' id='word_1_89' title='bbox 1600 1199 1680 1260; x_wconf 87' lang='lat' dir='ltr'>parte</span> 
     </span>
     <span class='ocr_line' id='line_1_10' title="bbox 347 1279 1682 1350; baseline 0.001 -18"><span class='ocrx_word' id='word_1_90' title='bbox 347 1279 489 1333; x_wconf 82' lang='lat' dir='ltr'>nobilIurn</span> <span class='ocrx_word' id='word_1_91' title='bbox 509 1280 635 1333; x_wconf 87' lang='lat' dir='ltr'>vlrorum</span> <span class='ocrx_word' id='word_1_92' title='bbox 655 1279 795 1336; x_wconf 76' lang='lat' dir='ltr'><strong>Iohannis</strong></span> <span class='ocrx_word' id='word_1_93' title='bbox 808 1285 838 1334; x_wconf 88' lang='lat' dir='ltr'>et</span> <span class='ocrx_word' id='word_1_94' title='bbox 850 1279 1017 1350; x_wconf 88' lang='lat' dir='ltr'>Pandulphi</span> <span class='ocrx_word' id='word_1_95' title='bbox 1037 1281 1073 1335; x_wconf 91' lang='lat' dir='ltr'>de</span> <span class='ocrx_word' id='word_1_96' title='bbox 1093 1279 1209 1336; x_wconf 88' lang='lat' dir='ltr'>Sabello</span> <span class='ocrx_word' id='word_1_97' title='bbox 1225 1281 1261 1336; x_wconf 90' lang='lat' dir='ltr'>da</span> <span class='ocrx_word' id='word_1_98' title='bbox 1274 1280 1354 1335; x_wconf 82' lang='lat' dir='ltr'>Urbe</span> <span class='ocrx_word' id='word_1_99' title='bbox 1366 1282 1485 1335; x_wconf 81' lang='lat' dir='ltr'><strong>fratrum</strong></span> <span class='ocrx_word' id='word_1_100' title='bbox 1501 1280 1682 1334; x_wconf 87' lang='lat' dir='ltr'>devotorum</span> 
     </span>
     <span class='ocr_line' id='line_1_11' title="bbox 349 1368 1681 1438; baseline 0.003 -18"><span class='ocrx_word' id='word_1_101' title='bbox 349 1371 513 1422; x_wconf 84' lang='lat' dir='ltr'>nostrorum</span> <span class='ocrx_word' id='word_1_102' title='bbox 531 1369 586 1422; x_wconf 89' lang='lat' dir='ltr'>luit</span> <span class='ocrx_word' id='word_1_103' title='bbox 604 1368 770 1436; x_wconf 87' lang='lat' dir='ltr'>expositum</span> <span class='ocrx_word' id='word_1_104' title='bbox 790 1383 889 1422; x_wconf 88' lang='lat' dir='ltr'>coram</span> <span class='ocrx_word' id='word_1_105' title='bbox 908 1370 1002 1437; x_wconf 90' lang='lat' dir='ltr'>nobis,</span> <span class='ocrx_word' id='word_1_106' title='bbox 1024 1370 1188 1438; x_wconf 90' lang='lat' dir='ltr'>quodcum</span> <span class='ocrx_word' id='word_1_107' title='bbox 1208 1369 1349 1424; x_wconf 82' lang='lat' dir='ltr'>nonnulle</span> <span class='ocrx_word' id='word_1_108' title='bbox 1369 1369 1681 1436; x_wconf 79' lang='lat' dir='ltr'>domuc,mqutiones</span> 
     </span>
     <span class='ocr_line' id='line_1_12' title="bbox 348 1457 1678 1528; baseline 0.001 -18"><span class='ocrx_word' id='word_1_109' title='bbox 348 1461 378 1510; x_wconf 88' lang='lat' dir='ltr'>et</span> <span class='ocrx_word' id='word_1_110' title='bbox 396 1461 498 1526; x_wconf 91' lang='lat' dir='ltr'>turres,</span> <span class='ocrx_word' id='word_1_111' title='bbox 520 1471 593 1526; x_wconf 89' lang='lat' dir='ltr'>quas</span> <span class='ocrx_word' id='word_1_112' title='bbox 613 1457 667 1526; x_wconf 89' lang='lat' dir='ltr'>ipsi</span> <span class='ocrx_word' id='word_1_113' title='bbox 687 1457 828 1512; x_wconf 88' lang='lat' dir='ltr'>tenebant</span> <span class='ocrx_word' id='word_1_114' title='bbox 847 1463 876 1511; x_wconf 87' lang='lat' dir='ltr'>et</span> <span class='ocrx_word' id='word_1_115' title='bbox 896 1458 1085 1527; x_wconf 90' lang='lat' dir='ltr'>possidebant</span> <span class='ocrx_word' id='word_1_116' title='bbox 1104 1460 1134 1512; x_wconf 94' lang='lat' dir='ltr'>in</span> <span class='ocrx_word' id='word_1_117' title='bbox 1153 1457 1243 1528; x_wconf 84' lang='lat' dir='ltr'><strong>Urbe,</strong></span> <span class='ocrx_word' id='word_1_118' title='bbox 1258 1475 1310 1528; x_wconf 91' lang='lat' dir='ltr'>per</span> <span class='ocrx_word' id='word_1_119' title='bbox 1322 1459 1490 1528; x_wconf 91' lang='lat' dir='ltr'>Dompnum</span> <span class='ocrx_word' id='word_1_120' title='bbox 1511 1458 1678 1512; x_wconf 88' lang='lat' dir='ltr'>Henricum</span> 
     </span>
     <span class='ocr_line' id='line_1_13' title="bbox 347 1541 1681 1616; baseline 0.003 -20"><span class='ocrx_word' id='word_1_121' title='bbox 347 1549 417 1598; x_wconf 91' lang='lat' dir='ltr'>tunc</span> <span class='ocrx_word' id='word_1_122' title='bbox 436 1541 609 1599; x_wconf 88' lang='lat' dir='ltr'>Senatorem</span> <span class='ocrx_word' id='word_1_123' title='bbox 628 1543 733 1613; x_wconf 88' lang='lat' dir='ltr'>Urbls,</span> <span class='ocrx_word' id='word_1_124' title='bbox 755 1544 886 1614; x_wconf 89' lang='lat' dir='ltr'>consilio,</span> <span class='ocrx_word' id='word_1_125' title='bbox 908 1546 1050 1615; x_wconf 78' lang='lat' dir='ltr'>instigatu</span> <span class='ocrx_word' id='word_1_126' title='bbox 1069 1551 1099 1600; x_wconf 92' lang='lat' dir='ltr'>et</span> <span class='ocrx_word' id='word_1_127' title='bbox 1118 1563 1206 1616; x_wconf 90' lang='lat' dir='ltr'>opere</span> <span class='ocrx_word' id='word_1_128' title='bbox 1225 1547 1374 1616; x_wconf 91' lang='lat' dir='ltr'>quondam</span> <span class='ocrx_word' id='word_1_129' title='bbox 1393 1546 1471 1600; x_wconf 89' lang='lat' dir='ltr'>Petri</span> <span class='ocrx_word' id='word_1_130' title='bbox 1490 1545 1626 1600; x_wconf 88' lang='lat' dir='ltr'>Romani</span> <span class='ocrx_word' id='word_1_131' title='bbox 1646 1547 1681 1600; x_wconf 88' lang='lat' dir='ltr'>de</span> 
     </span>
     <span class='ocr_line' id='line_1_14' title="bbox 348 1631 1682 1704; baseline 0.002 -18"><span class='ocrx_word' id='word_1_132' title='bbox 348 1631 494 1687; x_wconf 76' lang='lat' dir='ltr'>cardinali</span> <span class='ocrx_word' id='word_1_133' title='bbox 514 1637 544 1688; x_wconf 90' lang='lat' dir='ltr'>et</span> <span class='ocrx_word' id='word_1_134' title='bbox 562 1631 703 1703; x_wconf 78' lang='lat' dir='ltr'>Stephani</span> <span class='ocrx_word' id='word_1_135' title='bbox 723 1633 832 1688; x_wconf 79' lang='lat' dir='ltr'>hiberti</span> <span class='ocrx_word' id='word_1_136' title='bbox 852 1632 1023 1702; x_wconf 86' lang='lat' dir='ltr'>Normanni,</span> <span class='ocrx_word' id='word_1_137' title='bbox 1045 1641 1074 1690; x_wconf 90' lang='lat' dir='ltr'>et</span> <span class='ocrx_word' id='word_1_138' title='bbox 1093 1635 1285 1704; x_wconf 91' lang='lat' dir='ltr'>quorumdam</span> <span class='ocrx_word' id='word_1_139' title='bbox 1304 1637 1427 1690; x_wconf 90' lang='lat' dir='ltr'>aliorum</span> <span class='ocrx_word' id='word_1_140' title='bbox 1444 1634 1562 1690; x_wconf 86' lang='lat' dir='ltr'>Civium</span> <span class='ocrx_word' id='word_1_141' title='bbox 1575 1635 1682 1690; x_wconf 86' lang='lat' dir='ltr'>Roma·</span> 
     </span>
     <span class='ocr_line' id='line_1_15' title="bbox 347 1723 1679 1794; baseline 0 -18"><span class='ocrx_word' id='word_1_142' title='bbox 347 1737 460 1791; x_wconf 87' lang='lat' dir='ltr'>norum,</span> <span class='ocrx_word' id='word_1_143' title='bbox 481 1723 667 1791; x_wconf 88' lang='lat' dir='ltr'>sequentium</span> <span class='ocrx_word' id='word_1_144' title='bbox 687 1727 717 1778; x_wconf 90' lang='lat' dir='ltr'>et</span> <span class='ocrx_word' id='word_1_145' title='bbox 734 1724 881 1777; x_wconf 84' lang='lat' dir='ltr'>fautorum</span> <span class='ocrx_word' id='word_1_146' title='bbox 902 1723 1034 1777; x_wconf 90' lang='lat' dir='ltr'>eiusdem</span> <span class='ocrx_word' id='word_1_147' title='bbox 1053 1724 1181 1794; x_wconf 91' lang='lat' dir='ltr'>Dompni</span> <span class='ocrx_word' id='word_1_148' title='bbox 1201 1725 1339 1794; x_wconf 89' lang='lat' dir='ltr'>Henrici,</span> <span class='ocrx_word' id='word_1_149' title='bbox 1364 1725 1526 1778; x_wconf 85' lang='lat' dir='ltr'>emulorum</span> <span class='ocrx_word' id='word_1_150' title='bbox 1547 1740 1607 1779; x_wconf 86' lang='lat' dir='ltr'>sen</span> <span class='ocrx_word' id='word_1_151' title='bbox 1628 1727 1679 1777; x_wconf 91' lang='lat' dir='ltr'>ini-</span> 
     </span>
     <span class='ocr_line' id='line_1_16' title="bbox 347 1811 1681 1882; baseline 0.001 -17"><span class='ocrx_word' id='word_1_152' title='bbox 347 1813 489 1866; x_wconf 89' lang='lat' dir='ltr'>micorum</span> <span class='ocrx_word' id='word_1_153' title='bbox 508 1811 650 1866; x_wconf 87' lang='lat' dir='ltr'>nobilium</span> <span class='ocrx_word' id='word_1_154' title='bbox 670 1811 876 1881; x_wconf 86' lang='lat' dir='ltr'>predictorum,</span> <span class='ocrx_word' id='word_1_155' title='bbox 892 1812 986 1866; x_wconf 90' lang='lat' dir='ltr'>dirute</span> <span class='ocrx_word' id='word_1_156' title='bbox 1000 1814 1119 1868; x_wconf 87' lang='lat' dir='ltr'>fuerunt</span> <span class='ocrx_word' id='word_1_157' title='bbox 1131 1819 1161 1868; x_wconf 88' lang='lat' dir='ltr'>et</span> <span class='ocrx_word' id='word_1_158' title='bbox 1173 1814 1330 1882; x_wconf 88' lang='lat' dir='ltr'>destructe,</span> <span class='ocrx_word' id='word_1_159' title='bbox 1346 1829 1461 1868; x_wconf 87' lang='lat' dir='ltr'>necnon</span> <span class='ocrx_word' id='word_1_160' title='bbox 1473 1813 1533 1867; x_wconf 86' lang='lat' dir='ltr'>alia</span> <span class='ocrx_word' id='word_1_161' title='bbox 1545 1815 1681 1882; x_wconf 89' lang='lat' dir='ltr'>dampna</span> 
     </span>
     <span class='ocr_line' id='line_1_17' title="bbox 348 1901 1683 1972; baseline 0 -18"><span class='ocrx_word' id='word_1_162' title='bbox 348 1901 440 1955; x_wconf 92' lang='lat' dir='ltr'>multa</span> <span class='ocrx_word' id='word_1_163' title='bbox 458 1907 488 1956; x_wconf 91' lang='lat' dir='ltr'>et</span> <span class='ocrx_word' id='word_1_164' title='bbox 506 1901 626 1954; x_wconf 89' lang='lat' dir='ltr'>iniurias</span> <span class='ocrx_word' id='word_1_165' title='bbox 644 1901 752 1955; x_wconf 89' lang='lat' dir='ltr'>iniuste</span> <span class='ocrx_word' id='word_1_166' title='bbox 771 1906 801 1956; x_wconf 87' lang='lat' dir='ltr'>et</span> <span class='ocrx_word' id='word_1_167' title='bbox 818 1901 1061 1956; x_wconf 78' lang='lat' dir='ltr'>inrationabiliter</span> <span class='ocrx_word' id='word_1_168' title='bbox 1079 1904 1197 1957; x_wconf 82' lang='lat' dir='ltr'>fuerunt</span> <span class='ocrx_word' id='word_1_169' title='bbox 1215 1904 1355 1972; x_wconf 78' lang='lat' dir='ltr'>perpessI,</span> <span class='ocrx_word' id='word_1_170' title='bbox 1380 1908 1497 1972; x_wconf 88' lang='lat' dir='ltr'>propter</span> <span class='ocrx_word' id='word_1_171' title='bbox 1517 1903 1604 1971; x_wconf 90' lang='lat' dir='ltr'>quod</span> <span class='ocrx_word' id='word_1_172' title='bbox 1618 1910 1683 1972; x_wconf 85' lang='lat' dir='ltr'>post</span> 
     </span>
     <span class='ocr_line' id='line_1_18' title="bbox 349 1991 1683 2062; baseline 0.001 -17"><span class='ocrx_word' id='word_1_173' title='bbox 349 1991 524 2046; x_wconf 88' lang='lat' dir='ltr'>electionem</span> <span class='ocrx_word' id='word_1_174' title='bbox 543 1991 580 2044; x_wconf 94' lang='lat' dir='ltr'>de</span> <span class='ocrx_word' id='word_1_175' title='bbox 598 1991 684 2044; x_wconf 89' lang='lat' dir='ltr'>nobis</span> <span class='ocrx_word' id='word_1_176' title='bbox 702 1993 809 2045; x_wconf 85' lang='lat' dir='ltr'>factam</span> <span class='ocrx_word' id='word_1_177' title='bbox 830 1991 1040 2060; x_wconf 88' lang='lat' dir='ltr'>peradmodum</span> <span class='ocrx_word' id='word_1_178' title='bbox 1053 1993 1083 2046; x_wconf 91' lang='lat' dir='ltr'>in</span> <span class='ocrx_word' id='word_1_179' title='bbox 1096 1991 1278 2062; x_wconf 74' lang='lat' dir='ltr'>Senatorum,</span> <span class='ocrx_word' id='word_1_180' title='bbox 1294 2007 1355 2061; x_wconf 89' lang='lat' dir='ltr'>per</span> <span class='ocrx_word' id='word_1_181' title='bbox 1367 1994 1571 2048; x_wconf 83' lang='lat' dir='ltr'>statutarios</span> <span class='ocrx_word' id='word_1_182' title='bbox 1580 1995 1683 2048; x_wconf 86' lang='lat' dir='ltr'>Urbis</span> 
     </span>
     <span class='ocr_line' id='line_1_19' title="bbox 347 2069 1679 2150; baseline -0.002 -13"><span class='ocrx_word' id='word_1_183' title='bbox 347 2084 512 2138; x_wconf 75' lang='lat' dir='ltr'>statutum</span> <span class='ocrx_word' id='word_1_184' title='bbox 531 2081 606 2134; x_wconf 89' lang='lat' dir='ltr'>luste</span> <span class='ocrx_word' id='word_1_185' title='bbox 625 2080 712 2134; x_wconf 77' lang='lat' dir='ltr'>fuerit</span> <span class='ocrx_word' id='word_1_186' title='bbox 731 2085 760 2134; x_wconf 92' lang='lat' dir='ltr'>et</span> <span class='ocrx_word' id='word_1_187' title='bbox 779 2080 943 2133; x_wconf 89' lang='lat' dir='ltr'>ordinatum</span> <span class='ocrx_word' id='word_1_188' title='bbox 962 2069 995 2134; x_wconf 89' lang='lat' dir='ltr'>ut</span> <span class='ocrx_word' id='word_1_189' title='bbox 1013 2081 1082 2135; x_wconf 90' lang='lat' dir='ltr'>dicti</span> <span class='ocrx_word' id='word_1_190' title='bbox 1102 2079 1243 2150; x_wconf 83' lang='lat' dir='ltr'>Stephani</span> <span class='ocrx_word' id='word_1_191' title='bbox 1260 2081 1306 2136; x_wconf 90' lang='lat' dir='ltr'>vel</span> <span class='ocrx_word' id='word_1_192' title='bbox 1320 2082 1369 2134; x_wconf 88' lang='lat' dir='ltr'>lilii</span> <span class='ocrx_word' id='word_1_193' title='bbox 1384 2087 1413 2135; x_wconf 88' lang='lat' dir='ltr'>et</span> <span class='ocrx_word' id='word_1_194' title='bbox 1423 2079 1548 2135; x_wconf 90' lang='lat' dir='ltr'>heredes</span> <span class='ocrx_word' id='word_1_195' title='bbox 1562 2097 1679 2148; x_wconf 88' lang='lat' dir='ltr'>eorum,</span> 
     </span>
     <span class='ocr_line' id='line_1_20' title="bbox 348 2167 1708 2240; baseline -0.001 -16"><span class='ocrx_word' id='word_1_196' title='bbox 348 2171 470 2240; x_wconf 89' lang='lat' dir='ltr'>quilibet</span> <span class='ocrx_word' id='word_1_197' title='bbox 489 2169 601 2224; x_wconf 86' lang='lat' dir='ltr'>scilicet</span> <span class='ocrx_word' id='word_1_198' title='bbox 620 2169 650 2222; x_wconf 91' lang='lat' dir='ltr'>in</span> <span class='ocrx_word' id='word_1_199' title='bbox 670 2167 794 2223; x_wconf 93' lang='lat' dir='ltr'>solidum</span> <span class='ocrx_word' id='word_1_200' title='bbox 814 2169 943 2238; x_wconf 88' lang='lat' dir='ltr'>dampna</span> <span class='ocrx_word' id='word_1_201' title='bbox 961 2170 1031 2238; x_wconf 90' lang='lat' dir='ltr'>ipsis</span> <span class='ocrx_word' id='word_1_202' title='bbox 1057 2170 1205 2224; x_wconf 88' lang='lat' dir='ltr'>nobilibus</span> <span class='ocrx_word' id='word_1_203' title='bbox 1233 2171 1314 2225; x_wconf 88' lang='lat' dir='ltr'>illata</span> <span class='ocrx_word' id='word_1_204' title='bbox 1341 2169 1547 2224; x_wconf 76' lang='lat' dir='ltr'>occasionibus</span> <span class='ocrx_word' id='word_1_205' title='bbox 1578 2185 1681 2238; x_wconf 90' lang='lat' dir='ltr'>supra·</span> <span class='ocrx_word' id='word_1_206' title='bbox 1707 2173 1708 2216; x_wconf 87' lang='lat' dir='ltr'>l</span> 
     </span>
     <span class='ocr_line' id='line_1_21' title="bbox 349 2258 1682 2330; baseline -0.002 -17"><span class='ocrx_word' id='word_1_207' title='bbox 349 2260 443 2330; x_wconf 87' lang='lat' dir='ltr'>dictis,</span> <span class='ocrx_word' id='word_1_208' title='bbox 464 2258 621 2312; x_wconf 84' lang='lat' dir='ltr'>redderent</span> <span class='ocrx_word' id='word_1_209' title='bbox 640 2263 669 2312; x_wconf 88' lang='lat' dir='ltr'>et</span> <span class='ocrx_word' id='word_1_210' title='bbox 688 2259 883 2326; x_wconf 90' lang='lat' dir='ltr'>restituerent,</span> <span class='ocrx_word' id='word_1_211' title='bbox 905 2259 981 2312; x_wconf 88' lang='lat' dir='ltr'>sicut</span> <span class='ocrx_word' id='word_1_212' title='bbox 1001 2264 1030 2313; x_wconf 91' lang='lat' dir='ltr'>et</span> <span class='ocrx_word' id='word_1_213' title='bbox 1049 2265 1191 2328; x_wconf 88' lang='lat' dir='ltr'>quantum</span> <span class='ocrx_word' id='word_1_214' title='bbox 1210 2261 1265 2329; x_wconf 88' lang='lat' dir='ltr'>ipsi</span> <span class='ocrx_word' id='word_1_215' title='bbox 1285 2260 1399 2314; x_wconf 89' lang='lat' dir='ltr'>nobiles</span> <span class='ocrx_word' id='word_1_216' title='bbox 1418 2275 1469 2312; x_wconf 91' lang='lat' dir='ltr'>suo</span> <span class='ocrx_word' id='word_1_217' title='bbox 1490 2267 1682 2312; x_wconf 86' lang='lat' dir='ltr'>sacramento</span> 
     </span>
     <span class='ocr_line' id='line_1_22' title="bbox 348 2347 1708 2421; baseline -0.001 -19"><span class='ocrx_word' id='word_1_218' title='bbox 348 2349 505 2418; x_wconf 87' lang='lat' dir='ltr'>firmarent,</span> <span class='ocrx_word' id='word_1_219' title='bbox 526 2353 612 2418; x_wconf 90' lang='lat' dir='ltr'>prout</span> <span class='ocrx_word' id='word_1_220' title='bbox 624 2349 655 2401; x_wconf 91' lang='lat' dir='ltr'>in</span> <span class='ocrx_word' id='word_1_221' title='bbox 674 2349 829 2417; x_wconf 80' lang='lat' dir='ltr'>capitulo</span> <span class='ocrx_word' id='word_1_222' title='bbox 849 2350 1055 2404; x_wconf 86' lang='lat' dir='ltr'>statutorum</span> <span class='ocrx_word' id='word_1_223' title='bbox 1074 2349 1164 2404; x_wconf 83' lang='lat' dir='ltr'>dicte</span> <span class='ocrx_word' id='word_1_224' title='bbox 1183 2349 1285 2404; x_wconf 83' lang='lat' dir='ltr'>Urbis</span> <span class='ocrx_word' id='word_1_225' title='bbox 1299 2349 1413 2418; x_wconf 88' lang='lat' dir='ltr'>plenius</span> <span class='ocrx_word' id='word_1_226' title='bbox 1433 2347 1573 2400; x_wconf 87' lang='lat' dir='ltr'>asseritur</span> <span class='ocrx_word' id='word_1_227' title='bbox 1588 2349 1682 2400; x_wconf 89' lang='lat' dir='ltr'>conti·</span> <span class='ocrx_word' id='word_1_228' title='bbox 1707 2389 1708 2421; x_wconf 75' lang='lat'>,</span> 
     </span>
     <span class='ocr_line' id='line_1_23' title="bbox 349 2438 1681 2506; baseline -0.003 -12"><span class='ocrx_word' id='word_1_229' title='bbox 349 2440 421 2494; x_wconf 89' lang='lat' dir='ltr'>neri.</span> <span class='ocrx_word' id='word_1_230' title='bbox 441 2438 517 2502; x_wconf 83' lang='lat' dir='ltr'>Quia</span> <span class='ocrx_word' id='word_1_231' title='bbox 534 2454 604 2493; x_wconf 87' lang='lat' dir='ltr'>vero</span> <span class='ocrx_word' id='word_1_232' title='bbox 623 2439 776 2506; x_wconf 84' lang='lat' dir='ltr'>hucusque</span> <span class='ocrx_word' id='word_1_233' title='bbox 796 2439 924 2494; x_wconf 87' lang='lat' dir='ltr'>statuta</span> <span class='ocrx_word' id='word_1_234' title='bbox 942 2441 1016 2506; x_wconf 88' lang='lat' dir='ltr'>ipsa</span> <span class='ocrx_word' id='word_1_235' title='bbox 1034 2452 1105 2493; x_wconf 91' lang='lat' dir='ltr'>non</span> <span class='ocrx_word' id='word_1_236' title='bbox 1123 2440 1202 2494; x_wconf 86' lang='lat' dir='ltr'>sunt</span> <span class='ocrx_word' id='word_1_237' title='bbox 1216 2439 1412 2494; x_wconf 83' lang='lat' dir='ltr'>executioni</span> <span class='ocrx_word' id='word_1_238' title='bbox 1423 2438 1601 2504; x_wconf 85' lang='lat' dir='ltr'>mandata,</span> <span class='ocrx_word' id='word_1_239' title='bbox 1615 2453 1681 2505; x_wconf 85' lang='lat' dir='ltr'>sup</span> 
     </span>
     <span class='ocr_line' id='line_1_24' title="bbox 352 2526 1708 2599; baseline -0.004 -17"><span class='ocrx_word' id='word_1_240' title='bbox 352 2529 499 2599; x_wconf 85' lang='lat' dir='ltr'>plicanmt</span> <span class='ocrx_word' id='word_1_241' title='bbox 516 2527 664 2583; x_wconf 87' lang='lat' dir='ltr'>humiliter</span> <span class='ocrx_word' id='word_1_242' title='bbox 682 2543 770 2597; x_wconf 88' lang='lat' dir='ltr'>super</span> <span class='ocrx_word' id='word_1_243' title='bbox 788 2529 843 2582; x_wconf 91' lang='lat' dir='ltr'>hiis</span> <span class='ocrx_word' id='word_1_244' title='bbox 862 2542 914 2596; x_wconf 91' lang='lat' dir='ltr'>per</span> <span class='ocrx_word' id='word_1_245' title='bbox 940 2532 1070 2582; x_wconf 87' lang='lat' dir='ltr'>nostram</span> <span class='ocrx_word' id='word_1_246' title='bbox 1098 2526 1311 2580; x_wconf 86' lang='lat' dir='ltr'>Excellentiam</span> <span class='ocrx_word' id='word_1_247' title='bbox 1343 2526 1505 2580; x_wconf 88' lang='lat' dir='ltr'>secundum</span> <span class='ocrx_word' id='word_1_248' title='bbox 1533 2526 1679 2578; x_wconf 89' lang='lat' dir='ltr'>iustitiam</span> <span class='ocrx_word' id='word_1_249' title='bbox 1707 2541 1708 2584; x_wconf 84' lang='lat' dir='ltr'>l</span> 
     </span>
     <span class='ocr_line' id='line_1_25' title="bbox 348 2615 1708 2700; baseline -0.002 -28"><span class='ocrx_word' id='word_1_250' title='bbox 348 2618 505 2688; x_wconf 84' lang='lat' dir='ltr'>provideri.</span> <span class='ocrx_word' id='word_1_251' title='bbox 526 2616 655 2680; x_wconf 86' lang='lat' dir='ltr'>Quorum</span> <span class='ocrx_word' id='word_1_252' title='bbox 674 2617 757 2671; x_wconf 87' lang='lat' dir='ltr'>iustis</span> <span class='ocrx_word' id='word_1_253' title='bbox 775 2617 964 2686; x_wconf 85' lang='lat' dir='ltr'>petitionibus</span> <span class='ocrx_word' id='word_1_254' title='bbox 982 2617 1141 2685; x_wconf 83' lang='lat' dir='ltr'>benignius</span> <span class='ocrx_word' id='word_1_255' title='bbox 1160 2615 1302 2685; x_wconf 88' lang='lat' dir='ltr'>inclinati,</span> <span class='ocrx_word' id='word_1_256' title='bbox 1322 2615 1455 2669; x_wconf 82' lang='lat' dir='ltr'>fidelitati</span> <span class='ocrx_word' id='word_1_257' title='bbox 1473 2619 1524 2668; x_wconf 92' lang='lat' dir='ltr'>tue</span> <span class='ocrx_word' id='word_1_258' title='bbox 1555 2615 1679 2669; x_wconf 88' lang='lat' dir='ltr'>firmiter</span> <span class='ocrx_word' id='word_1_259' title='bbox 1707 2629 1708 2700; x_wconf 54' lang='grc'>1</span> 
     </span>
     <span class='ocr_line' id='line_1_26' title="bbox 350 2704 1708 2790; baseline -0.004 -26"><span class='ocrx_word' id='word_1_260' title='bbox 350 2712 380 2764; x_wconf 85' lang='lat' dir='ltr'>at</span> <span class='ocrx_word' id='word_1_261' title='bbox 398 2707 528 2762; x_wconf 86' lang='lat' dir='ltr'>districte</span> <span class='ocrx_word' id='word_1_262' title='bbox 547 2707 721 2762; x_wconf 86' lang='lat' dir='ltr'>mandamus</span> <span class='ocrx_word' id='word_1_263' title='bbox 748 2711 893 2776; x_wconf 88' lang='lat' dir='ltr'>quatenus</span> <span class='ocrx_word' id='word_1_264' title='bbox 912 2707 1024 2776; x_wconf 83' lang='lat' dir='ltr'>eligere</span> <span class='ocrx_word' id='word_1_265' title='bbox 1043 2706 1151 2760; x_wconf 85' lang='lat' dir='ltr'>debeas</span> <span class='ocrx_word' id='word_1_266' title='bbox 1171 2711 1297 2774; x_wconf 80' lang='lat' dir='ltr'>quatuor</span> <span class='ocrx_word' id='word_1_267' title='bbox 1315 2706 1422 2776; x_wconf 86' lang='lat' dir='ltr'>probos</span> <span class='ocrx_word' id='word_1_268' title='bbox 1439 2705 1517 2758; x_wconf 84' lang='lat' dir='ltr'>viros</span> <span class='ocrx_word' id='word_1_269' title='bbox 1537 2704 1576 2758; x_wconf 90' lang='lat' dir='ltr'>de</span> <span class='ocrx_word' id='word_1_270' title='bbox 1601 2705 1681 2760; x_wconf 86' lang='lat' dir='ltr'>Urba</span> <span class='ocrx_word' id='word_1_271' title='bbox 1707 2705 1708 2790; x_wconf 68' lang='grc'>1</span> 
     </span>
     <span class='ocr_line' id='line_1_27' title="bbox 348 2793 1708 2867; baseline -0.002 -17"><span class='ocrx_word' id='word_1_272' title='bbox 348 2797 515 2867; x_wconf 84' lang='lat' dir='ltr'>fidedignos</span> <span class='ocrx_word' id='word_1_273' title='bbox 533 2802 563 2851; x_wconf 91' lang='lat' dir='ltr'>et</span> <span class='ocrx_word' id='word_1_274' title='bbox 581 2797 670 2850; x_wconf 88' lang='lat' dir='ltr'>etiam</span> <span class='ocrx_word' id='word_1_275' title='bbox 688 2811 748 2850; x_wconf 91' lang='lat' dir='ltr'>non</span> <span class='ocrx_word' id='word_1_276' title='bbox 767 2801 928 2864; x_wconf 85' lang='lat' dir='ltr'>suspectos,</span> <span class='ocrx_word' id='word_1_277' title='bbox 949 2800 1127 2864; x_wconf 88' lang='lat' dir='ltr'>receptoque</span> <span class='ocrx_word' id='word_1_278' title='bbox 1147 2796 1183 2849; x_wconf 91' lang='lat' dir='ltr'>ab</span> <span class='ocrx_word' id='word_1_279' title='bbox 1200 2795 1243 2849; x_wconf 85' lang='lat' dir='ltr'>eis</span> <span class='ocrx_word' id='word_1_280' title='bbox 1264 2793 1407 2863; x_wconf 88' lang='lat' dir='ltr'>corporali</span> <span class='ocrx_word' id='word_1_281' title='bbox 1419 2794 1586 2847; x_wconf 91' lang='lat' dir='ltr'>iuramento</span> <span class='ocrx_word' id='word_1_282' title='bbox 1603 2794 1681 2862; x_wconf 90' lang='lat' dir='ltr'>quod</span> <span class='ocrx_word' id='word_1_283' title='bbox 1707 2837 1708 2862; x_wconf 78' lang='lat'>,</span> 
     </span>
     <span class='ocr_line' id='line_1_28' title="bbox 348 2865 1708 2955; baseline -0.003 -15"><span class='ocrx_word' id='word_1_284' title='bbox 348 2888 380 2940; x_wconf 90' lang='lat' dir='ltr'>in</span> <span class='ocrx_word' id='word_1_285' title='bbox 399 2888 455 2941; x_wconf 90' lang='lat' dir='ltr'>hoc</span> <span class='ocrx_word' id='word_1_286' title='bbox 473 2902 534 2940; x_wconf 87' lang='lat' dir='ltr'>nou</span> <span class='ocrx_word' id='word_1_287' title='bbox 553 2901 661 2955; x_wconf 87' lang='lat' dir='ltr'>amore,</span> <span class='ocrx_word' id='word_1_288' title='bbox 682 2890 765 2954; x_wconf 90' lang='lat' dir='ltr'>parte</span> <span class='ocrx_word' id='word_1_289' title='bbox 783 2885 832 2940; x_wconf 86' lang='lat' dir='ltr'>vel</span> <span class='ocrx_word' id='word_1_290' title='bbox 850 2887 954 2954; x_wconf 89' lang='lat' dir='ltr'>pretio,</span> <span class='ocrx_word' id='word_1_291' title='bbox 974 2884 1077 2940; x_wconf 89' lang='lat' dir='ltr'>timore</span> <span class='ocrx_word' id='word_1_292' title='bbox 1096 2884 1144 2939; x_wconf 88' lang='lat' dir='ltr'>vel</span> <span class='ocrx_word' id='word_1_293' title='bbox 1163 2884 1230 2938; x_wconf 93' lang='lat' dir='ltr'>odio</span> <span class='ocrx_word' id='word_1_294' title='bbox 1249 2889 1444 2951; x_wconf 90' lang='lat' dir='ltr'>moveantur,</span> <span class='ocrx_word' id='word_1_295' title='bbox 1477 2899 1546 2936; x_wconf 93' lang='lat' dir='ltr'>cum</span> <span class='ocrx_word' id='word_1_296' title='bbox 1575 2898 1678 2937; x_wconf 88' lang='lat' dir='ltr'>eorum</span> <span class='ocrx_word' id='word_1_297' title='bbox 1707 2865 1708 2880; x_wconf 43' lang='lat'>¹</span> 
     </span>
     <span class='ocr_line' id='line_1_29' title="bbox 349 2959 1708 3044; baseline -0.007 -14"><span class='ocrx_word' id='word_1_298' title='bbox 349 2977 471 3030; x_wconf 78' lang='lat' dir='ltr'>consilio</span> <span class='ocrx_word' id='word_1_299' title='bbox 491 2976 617 3030; x_wconf 83' lang='lat' dir='ltr'>extimes</span> <span class='ocrx_word' id='word_1_300' title='bbox 635 2975 715 3028; x_wconf 89' lang='lat' dir='ltr'>illam</span> <span class='ocrx_word' id='word_1_301' title='bbox 734 2975 859 3044; x_wconf 82' lang='lat' dir='ltr'>pecunie</span> <span class='ocrx_word' id='word_1_302' title='bbox 879 2975 1082 3043; x_wconf 83' lang='lat' dir='ltr'>quantitatem,</span> <span class='ocrx_word' id='word_1_303' title='bbox 1112 2974 1150 3027; x_wconf 89' lang='lat' dir='ltr'>ad</span> <span class='ocrx_word' id='word_1_304' title='bbox 1177 2989 1266 3042; x_wconf 91' lang='lat' dir='ltr'>quam</span> <span class='ocrx_word' id='word_1_305' title='bbox 1287 2977 1420 3042; x_wconf 89' lang='lat' dir='ltr'>sumptus</span> <span class='ocrx_word' id='word_1_306' title='bbox 1447 2971 1678 3026; x_wconf 85' lang='lat' dir='ltr'>reedificationis</span> <span class='ocrx_word' id='word_1_307' title='bbox 1707 2959 1708 3020; x_wconf 57' lang='grc' dir='ltr'>ζ</span> 
     </span>
     <span class='ocr_line' id='line_1_30' title="bbox 348 3045 1708 3132; baseline -0.004 -14"><span class='ocrx_word' id='word_1_308' title='bbox 348 3065 508 3132; x_wconf 87' lang='lat' dir='ltr'>domorum,</span> <span class='ocrx_word' id='word_1_309' title='bbox 519 3064 715 3118; x_wconf 87' lang='lat' dir='ltr'>munitionum</span> <span class='ocrx_word' id='word_1_310' title='bbox 724 3070 754 3117; x_wconf 92' lang='lat' dir='ltr'>et</span> <span class='ocrx_word' id='word_1_311' title='bbox 763 3064 882 3117; x_wconf 89' lang='lat' dir='ltr'>turrium</span> <span class='ocrx_word' id='word_1_312' title='bbox 897 3062 1092 3131; x_wconf 88' lang='lat' dir='ltr'>predictarum</span> <span class='ocrx_word' id='word_1_313' title='bbox 1107 3063 1212 3131; x_wconf 90' lang='lat' dir='ltr'>poterit</span> <span class='ocrx_word' id='word_1_314' title='bbox 1226 3061 1394 3130; x_wconf 85' lang='lat' dir='ltr'>ascendere,</span> <span class='ocrx_word' id='word_1_315' title='bbox 1408 3066 1438 3115; x_wconf 91' lang='lat' dir='ltr'>et</span> <span class='ocrx_word' id='word_1_316' title='bbox 1448 3061 1591 3130; x_wconf 89' lang='lat' dir='ltr'>deinceps</span> <span class='ocrx_word' id='word_1_317' title='bbox 1606 3062 1679 3114; x_wconf 89' lang='lat' dir='ltr'>filios</span> <span class='ocrx_word' id='word_1_318' title='bbox 1707 3045 1708 3120; x_wconf 56' lang='lat' dir='ltr'>i</span> 
     </span>
     <span class='ocr_line' id='line_1_31' title="bbox 350 3150 1708 3222; baseline -0.004 -13"><span class='ocrx_word' id='word_1_319' title='bbox 350 3160 380 3209; x_wconf 91' lang='lat' dir='ltr'>et</span> <span class='ocrx_word' id='word_1_320' title='bbox 398 3153 523 3210; x_wconf 86' lang='lat' dir='ltr'>heredes</span> <span class='ocrx_word' id='word_1_321' title='bbox 540 3153 737 3222; x_wconf 89' lang='lat' dir='ltr'>predictorum</span> <span class='ocrx_word' id='word_1_322' title='bbox 756 3152 836 3206; x_wconf 90' lang='lat' dir='ltr'>Petri</span> <span class='ocrx_word' id='word_1_323' title='bbox 855 3158 885 3207; x_wconf 89' lang='lat' dir='ltr'>et</span> <span class='ocrx_word' id='word_1_324' title='bbox 903 3151 1044 3220; x_wconf 87' lang='lat' dir='ltr'>Stephani</span> <span class='ocrx_word' id='word_1_325' title='bbox 1063 3152 1176 3206; x_wconf 88' lang='lat' dir='ltr'>etalios</span> <span class='ocrx_word' id='word_1_326' title='bbox 1189 3152 1336 3221; x_wconf 89' lang='lat' dir='ltr'>quoslibet</span> <span class='ocrx_word' id='word_1_327' title='bbox 1347 3166 1380 3205; x_wconf 89' lang='lat' dir='ltr'>sa</span> <span class='ocrx_word' id='word_1_328' title='bbox 1393 3152 1481 3205; x_wconf 89' lang='lat' dir='ltr'>etiam</span> <span class='ocrx_word' id='word_1_329' title='bbox 1494 3151 1524 3203; x_wconf 93' lang='lat' dir='ltr'>in</span> <span class='ocrx_word' id='word_1_330' title='bbox 1539 3150 1677 3216; x_wconf 88' lang='lat' dir='ltr'>solidum,</span> <span class='ocrx_word' id='word_1_331' title='bbox 1707 3159 1708 3204; x_wconf 70' lang='lat' dir='ltr'>l</span> 
     </span>
     <span class='ocr_line' id='line_1_32' title="bbox 351 3239 1677 3310; baseline -0.004 -14"><span class='ocrx_word' id='word_1_332' title='bbox 351 3257 418 3296; x_wconf 91' lang='lat' dir='ltr'>cum</span> <span class='ocrx_word' id='word_1_333' title='bbox 438 3245 581 3310; x_wconf 88' lang='lat' dir='ltr'>quantum</span> <span class='ocrx_word' id='word_1_334' title='bbox 599 3240 771 3294; x_wconf 87' lang='lat' dir='ltr'>convenerit</span> <span class='ocrx_word' id='word_1_335' title='bbox 789 3240 965 3293; x_wconf 85' lang='lat' dir='ltr'>coheraione</span> <span class='ocrx_word' id='word_1_336' title='bbox 984 3239 1152 3308; x_wconf 87' lang='lat' dir='ltr'>compellas,</span> <span class='ocrx_word' id='word_1_337' title='bbox 1173 3245 1206 3293; x_wconf 91' lang='lat' dir='ltr'>ut</span> <span class='ocrx_word' id='word_1_338' title='bbox 1224 3239 1272 3293; x_wconf 91' lang='lat' dir='ltr'>vel</span> <span class='ocrx_word' id='word_1_339' title='bbox 1290 3239 1460 3293; x_wconf 86' lang='lat' dir='ltr'>reedificare</span> <span class='ocrx_word' id='word_1_340' title='bbox 1478 3239 1592 3292; x_wconf 85' lang='lat' dir='ltr'>faciant</span> <span class='ocrx_word' id='word_1_341' title='bbox 1606 3241 1677 3294; x_wconf 89' lang='lat' dir='ltr'>etin</span> 
     </span>
    </p>
   </div>
   <div class='ocr_carea' id='block_1_3' title="bbox 348 3435 1708 4742">
    <p class='ocr_par' dir='ltr' id='par_1_3' title="bbox 348 3435 1708 4117">
     <span class='ocr_line' id='line_1_33' title="bbox 420 3435 1676 3508; baseline -0.001 -17"><span class='ocrx_word' id='word_1_342' title='bbox 420 3440 461 3508; x_wconf 86' lang='grc'>(1)</span> <span class='ocrx_word' id='word_1_343' title='bbox 482 3437 608 3491; x_wconf 79' lang='lat' dir='ltr'>Mrumnr</span> <span class='ocrx_word' id='word_1_344' title='bbox 627 3437 745 3506; x_wconf 84' lang='lat' dir='ltr'>R1ccto,</span> <span class='ocrx_word' id='word_1_345' title='bbox 758 3437 864 3506; x_wconf 74' lang='lat' dir='ltr'>Soppio</span> <span class='ocrx_word' id='word_1_346' title='bbox 876 3436 907 3490; x_wconf 83' lang='lat' dir='ltr'>dt</span> <span class='ocrx_word' id='word_1_347' title='bbox 923 3436 1022 3490; x_wconf 77' lang='lat' dir='ltr'>Oodioe</span> <span class='ocrx_word' id='word_1_348' title='bbox 1040 3436 1226 3506; x_wconf 80' lang='lat' dir='ltr'>diplomatico</span> <span class='ocrx_word' id='word_1_349' title='bbox 1235 3435 1365 3503; x_wconf 63' lang='lat' dir='ltr'>famulo</span> <span class='ocrx_word' id='word_1_350' title='bbox 1377 3437 1452 3489; x_wconf 72' lang='lat' dir='ltr'>stallo</span> <span class='ocrx_word' id='word_1_351' title='bbox 1464 3436 1580 3490; x_wconf 75' lang='grc'>1111111111</span> <span class='ocrx_word' id='word_1_352' title='bbox 1591 3440 1676 3490; x_wconf 72' lang='grc'>31111-</span> 
     </span>
     <span class='ocr_line' id='line_1_34' title="bbox 348 3523 1677 3595; baseline -0.001 -14"><span class='ocrx_word' id='word_1_353' title='bbox 348 3529 415 3581; x_wconf 80' lang='lat' dir='ltr'>iure</span> <span class='ocrx_word' id='word_1_354' title='bbox 433 3527 640 3582; x_wconf 77' lang='lat' dir='ltr'>dell’Arnbtvto</span> <span class='ocrx_word' id='word_1_355' title='bbox 657 3525 688 3579; x_wconf 84' lang='lat' dir='ltr'>cli</span> <span class='ocrx_word' id='word_1_356' title='bbox 707 3526 790 3581; x_wconf 78' lang='lat' dir='ltr'>Siata</span> <span class='ocrx_word' id='word_1_357' title='bbox 808 3525 839 3579; x_wconf 83' lang='lat' dir='ltr'>di</span> <span class='ocrx_word' id='word_1_358' title='bbox 857 3526 974 3595; x_wconf 77' lang='lat' dir='ltr'>Nepoti,</span> <span class='ocrx_word' id='word_1_359' title='bbox 996 3525 1035 3578; x_wconf 85' lang='lat' dir='ltr'>ivi</span> <span class='ocrx_word' id='word_1_360' title='bbox 1055 3524 1134 3592; x_wconf 79' lang='lat'>1878,</span> <span class='ocrx_word' id='word_1_361' title='bbox 1155 3524 1286 3593; x_wconf 78' lang='grc'>1.18,11.</span> <span class='ocrx_word' id='word_1_362' title='bbox 1307 3523 1551 3577; x_wconf 86' lang='lat' dir='ltr'>LXXXIH.-Di</span> <span class='ocrx_word' id='word_1_363' title='bbox 1571 3531 1677 3592; x_wconf 82' lang='lat' dir='ltr'>questo</span> 
     </span>
     <span class='ocr_line' id='line_1_35' title="bbox 350 3613 1708 3694; baseline -0.006 -20"><span class='ocrx_word' id='word_1_364' title='bbox 350 3621 527 3674; x_wconf 88' lang='lat' dir='ltr'>documento</span> <span class='ocrx_word' id='word_1_365' title='bbox 547 3613 768 3670; x_wconf 77' lang='lat' dir='ltr'>Ganaonovrus</span> <span class='ocrx_word' id='word_1_366' title='bbox 788 3614 866 3668; x_wconf 90' lang='lat' dir='ltr'>nella</span> <span class='ocrx_word' id='word_1_367' title='bbox 892 3615 924 3666; x_wconf 83' lang='lat'>4·</span> <span class='ocrx_word' id='word_1_368' title='bbox 942 3614 1076 3668; x_wconf 83' lang='lat' dir='ltr'>edizione</span> <span class='ocrx_word' id='word_1_369' title='bbox 1105 3613 1182 3667; x_wconf 88' lang='lat' dir='ltr'>della</span> <span class='ocrx_word' id='word_1_370' title='bbox 1212 3613 1376 3668; x_wconf 82' lang='lat' dir='ltr'>Geschichtc</span> <span class='ocrx_word' id='word_1_371' title='bbox 1403 3613 1456 3666; x_wconf 80' lang='lat' dir='ltr'>der</span> <span class='ocrx_word' id='word_1_372' title='bbox 1483 3613 1570 3668; x_wconf 73' lang='lat' dir='ltr'>Siout</span> <span class='ocrx_word' id='word_1_373' title='bbox 1598 3615 1677 3668; x_wconf 80' lang='lat' dir='ltr'>Rom</span> <span class='ocrx_word' id='word_1_374' title='bbox 1707 3653 1708 3694; x_wconf 59' lang='lat'>,</span> 
     </span>
     <span class='ocr_line' id='line_1_36' title="bbox 351 3701 1708 3778; baseline -0.003 -15"><span class='ocrx_word' id='word_1_375' title='bbox 351 3707 509 3778; x_wconf 76' lang='lat' dir='ltr'>(stuttgart</span> <span class='ocrx_word' id='word_1_376' title='bbox 528 3703 606 3773; x_wconf 76' lang='lat'>1892,</span> <span class='ocrx_word' id='word_1_377' title='bbox 627 3704 686 3758; x_wconf 85' lang='lat' dir='ltr'>vol.</span> <span class='ocrx_word' id='word_1_378' title='bbox 698 3703 733 3773; x_wconf 83' lang='lat' dir='ltr'>V,</span> <span class='ocrx_word' id='word_1_379' title='bbox 746 3721 775 3774; x_wconf 91' lang='lat' dir='ltr'>p.</span> <span class='ocrx_word' id='word_1_380' title='bbox 795 3703 860 3772; x_wconf 83' lang='lat'>401)</span> <span class='ocrx_word' id='word_1_381' title='bbox 880 3704 911 3756; x_wconf 85' lang='lat' dir='ltr'>fa</span> <span class='ocrx_word' id='word_1_382' title='bbox 928 3718 969 3757; x_wconf 91' lang='lat' dir='ltr'>un</span> <span class='ocrx_word' id='word_1_383' title='bbox 988 3717 1093 3771; x_wconf 89' lang='lat' dir='ltr'>cenno,</span> <span class='ocrx_word' id='word_1_384' title='bbox 1108 3702 1281 3756; x_wconf 88' lang='lat' dir='ltr'>ricordaudo</span> <span class='ocrx_word' id='word_1_385' title='bbox 1304 3701 1429 3756; x_wconf 86' lang='lat' dir='ltr'>soltanto</span> <span class='ocrx_word' id='word_1_386' title='bbox 1449 3701 1478 3755; x_wconf 93' lang='lat' dir='ltr'>la</span> <span class='ocrx_word' id='word_1_387' title='bbox 1496 3701 1677 3756; x_wconf 84' lang='lat' dir='ltr'>distruzione</span> <span class='ocrx_word' id='word_1_388' title='bbox 1707 3727 1708 3760; x_wconf 73' lang='grc'>1</span> 
     </span>
     <span class='ocr_line' id='line_1_37' title="bbox 349 3787 1708 3864; baseline -0.002 -15"><span class='ocrx_word' id='word_1_389' title='bbox 349 3796 379 3849; x_wconf 92' lang='lat' dir='ltr'>di</span> <span class='ocrx_word' id='word_1_390' title='bbox 392 3797 461 3852; x_wconf 89' lang='lat' dir='ltr'>torri</span> <span class='ocrx_word' id='word_1_391' title='bbox 480 3811 498 3850; x_wconf 90' lang='lat' dir='ltr'>e</span> <span class='ocrx_word' id='word_1_392' title='bbox 516 3795 629 3864; x_wconf 78' lang='lat' dir='ltr'>palatui</span> <span class='ocrx_word' id='word_1_393' title='bbox 649 3794 678 3846; x_wconf 92' lang='lat' dir='ltr'>di</span> <span class='ocrx_word' id='word_1_394' title='bbox 701 3791 849 3847; x_wconf 82' lang='lat' dir='ltr'>Giovanni</span> <span class='ocrx_word' id='word_1_395' title='bbox 869 3809 886 3848; x_wconf 89' lang='lat' dir='ltr'>e</span> <span class='ocrx_word' id='word_1_396' title='bbox 904 3792 1047 3846; x_wconf 86' lang='lat' dir='ltr'>Pandolio</span> <span class='ocrx_word' id='word_1_397' title='bbox 1068 3787 1176 3846; x_wconf 76' lang='lat' dir='ltr'>Savslli</span> <span class='ocrx_word' id='word_1_398' title='bbox 1195 3792 1318 3846; x_wconf 86' lang='lat' dir='ltr'>duran-te</span> <span class='ocrx_word' id='word_1_399' title='bbox 1332 3792 1351 3844; x_wconf 91' lang='lat' dir='ltr'>il</span> <span class='ocrx_word' id='word_1_400' title='bbox 1364 3797 1462 3860; x_wconf 88' lang='lat' dir='ltr'>tempo</span> <span class='ocrx_word' id='word_1_401' title='bbox 1477 3789 1678 3846; x_wconf 87' lang='lat' dir='ltr'>delSenatore</span> <span class='ocrx_word' id='word_1_402' title='bbox 1707 3797 1708 3856; x_wconf 64' lang='grc'>1</span> 
     </span>
     <span class='ocr_line' id='line_1_38' title="bbox 349 3869 1708 3952; baseline -0.004 -14"><span class='ocrx_word' id='word_1_403' title='bbox 349 3884 457 3938; x_wconf 85' lang='lat' dir='ltr'>Enrieo</span> <span class='ocrx_word' id='word_1_404' title='bbox 475 3885 504 3937; x_wconf 88' lang='lat' dir='ltr'>di</span> <span class='ocrx_word' id='word_1_405' title='bbox 522 3882 685 3952; x_wconf 77' lang='lat' dir='ltr'>Castlglia,</span> <span class='ocrx_word' id='word_1_406' title='bbox 715 3897 806 3937; x_wconf 79' lang='lat' dir='ltr'>sensa</span> <span class='ocrx_word' id='word_1_407' title='bbox 832 3883 876 3935; x_wconf 81' lang='lat' dir='ltr'>far</span> <span class='ocrx_word' id='word_1_408' title='bbox 902 3881 1058 3936; x_wconf 81' lang='lat' dir='ltr'>menzione</span> <span class='ocrx_word' id='word_1_409' title='bbox 1086 3881 1166 3951; x_wconf 83' lang='lat' dir='ltr'>degli</span> <span class='ocrx_word' id='word_1_410' title='bbox 1185 3879 1302 3935; x_wconf 89' lang='lat' dir='ltr'>Statuti.</span> <span class='ocrx_word' id='word_1_411' title='bbox 1323 3880 1380 3934; x_wconf 83' lang='lat' dir='ltr'>Era</span> <span class='ocrx_word' id='word_1_412' title='bbox 1402 3885 1505 3950; x_wconf 83' lang='lat' dir='ltr'>questo</span> <span class='ocrx_word' id='word_1_413' title='bbox 1524 3896 1585 3934; x_wconf 89' lang='lat' dir='ltr'>uno</span> <span class='ocrx_word' id='word_1_414' title='bbox 1604 3882 1677 3935; x_wconf 85' lang='lat' dir='ltr'>frai</span> <span class='ocrx_word' id='word_1_415' title='bbox 1707 3869 1708 3940; x_wconf 74' lang='grc'>1</span> 
     </span>
     <span class='ocr_line' id='line_1_39' title="bbox 349 3961 1708 4042; baseline -0.004 -14"><span class='ocrx_word' id='word_1_416' title='bbox 349 3973 431 4028; x_wconf 87' lang='lat' dir='ltr'>molti</span> <span class='ocrx_word' id='word_1_417' title='bbox 451 3972 621 4028; x_wconf 87' lang='lat' dir='ltr'>documenti</span> <span class='ocrx_word' id='word_1_418' title='bbox 639 3971 804 4042; x_wconf 81' lang='lat' dir='ltr'>dell&#39;epoca</span> <span class='ocrx_word' id='word_1_419' title='bbox 823 3972 964 4042; x_wconf 83' lang='lat' dir='ltr'>angioina</span> <span class='ocrx_word' id='word_1_420' title='bbox 982 3971 1150 4040; x_wconf 84' lang='lat' dir='ltr'>tmportauti</span> <span class='ocrx_word' id='word_1_421' title='bbox 1170 3985 1226 4040; x_wconf 89' lang='lat' dir='ltr'>per·</span> <span class='ocrx_word' id='word_1_422' title='bbox 1241 3971 1270 4024; x_wconf 89' lang='lat' dir='ltr'>la</span> <span class='ocrx_word' id='word_1_423' title='bbox 1287 3971 1398 4024; x_wconf 77' lang='lat' dir='ltr'>notizia</span> <span class='ocrx_word' id='word_1_424' title='bbox 1418 3970 1499 4040; x_wconf 76' lang='lat' dir='ltr'>dagli</span> <span class='ocrx_word' id='word_1_425' title='bbox 1517 3968 1628 4024; x_wconf 87' lang='lat' dir='ltr'>Statuti</span> <span class='ocrx_word' id='word_1_426' title='bbox 1648 3971 1676 4023; x_wconf 91' lang='lat' dir='ltr'>di</span> <span class='ocrx_word' id='word_1_427' title='bbox 1707 3961 1708 3964; x_wconf 63' lang='grc'>’</span> 
     </span>
     <span class='ocr_line' id='line_1_40' title="bbox 350 4061 454 4117; baseline -0.019 0"><span class='ocrx_word' id='word_1_428' title='bbox 350 4061 454 4117; x_wconf 82' lang='lat' dir='ltr'>Roma.</span> 
     </span>
    </p>

    <p class='ocr_par' dir='ltr' id='par_1_4' title="bbox 348 4129 1708 4742">
     <span class='ocr_line' id='line_1_41' title="bbox 420 4129 1708 4220; baseline -0.002 -16"><span class='ocrx_word' id='word_1_429' title='bbox 420 4150 445 4204; x_wconf 93' lang='lat' dir='ltr'>Il</span> <span class='ocrx_word' id='word_1_430' title='bbox 464 4151 544 4205; x_wconf 93' lang='lat' dir='ltr'>dotto</span> <span class='ocrx_word' id='word_1_431' title='bbox 564 4147 713 4220; x_wconf 87' lang='lat' dir='ltr'>Giuseppe</span> <span class='ocrx_word' id='word_1_432' title='bbox 732 4150 799 4202; x_wconf 75' lang='lat' dir='ltr'>Dua</span> <span class='ocrx_word' id='word_1_433' title='bbox 818 4147 952 4204; x_wconf 80' lang='lat' dir='ltr'>Grumum</span> <span class='ocrx_word' id='word_1_434' title='bbox 970 4150 1018 4203; x_wconf 91' lang='lat' dir='ltr'>nei</span> <span class='ocrx_word' id='word_1_435' title='bbox 1037 4148 1211 4204; x_wconf 79' lang='lat' dir='ltr'>Rondlconiz&#39;</span> <span class='ocrx_word' id='word_1_436' title='bbox 1229 4147 1294 4201; x_wconf 85' lang='lat' dir='ltr'>dell&#39;</span> <span class='ocrx_word' id='word_1_437' title='bbox 1307 4146 1480 4201; x_wconf 71' lang='lat' dir='ltr'>accedentia</span> <span class='ocrx_word' id='word_1_438' title='bbox 1498 4146 1530 4200; x_wconf 76' lang='lat' dir='ltr'>dt</span> <span class='ocrx_word' id='word_1_439' title='bbox 1553 4146 1676 4202; x_wconf 80' lang='lat' dir='ltr'>Archoo-</span> <span class='ocrx_word' id='word_1_440' title='bbox 1707 4129 1708 4136; x_wconf 9' lang='grc' dir='ltr'>ἵ</span> 
     </span>
     <span class='ocr_line' id='line_1_42' title="bbox 348 4235 1708 4327; baseline -0.006 -32"><span class='ocrx_word' id='word_1_441' title='bbox 348 4241 435 4310; x_wconf 70' lang='lat' dir='ltr'>sopra,</span> <span class='ocrx_word' id='word_1_442' title='bbox 458 4241 570 4294; x_wconf 79' lang='lat' dir='ltr'>Leticre</span> <span class='ocrx_word' id='word_1_443' title='bbox 588 4255 606 4294; x_wconf 81' lang='lat' dir='ltr'>a</span> <span class='ocrx_word' id='word_1_444' title='bbox 621 4240 699 4293; x_wconf 79' lang='lat' dir='ltr'>Belle</span> <span class='ocrx_word' id='word_1_445' title='bbox 717 4239 787 4292; x_wconf 70' lang='lat' dir='ltr'>Arsa</span> <span class='ocrx_word' id='word_1_446' title='bbox 802 4239 833 4292; x_wconf 80' lang='grc'>111</span> <span class='ocrx_word' id='word_1_447' title='bbox 851 4239 960 4308; x_wconf 81' lang='lat' dir='ltr'>Napolt</span> <span class='ocrx_word' id='word_1_448' title='bbox 979 4237 1211 4307; x_wconf 78' lang='lat' dir='ltr'>(aprile-giugno</span> <span class='ocrx_word' id='word_1_449' title='bbox 1228 4235 1308 4303; x_wconf 77' lang='lat'><strong>1895)</strong></span> <span class='ocrx_word' id='word_1_450' title='bbox 1336 4236 1408 4289; x_wconf 82' lang='lat' dir='ltr'>offre</span> <span class='ocrx_word' id='word_1_451' title='bbox 1433 4251 1475 4288; x_wconf 91' lang='lat' dir='ltr'>un</span> <span class='ocrx_word' id='word_1_452' title='bbox 1501 4239 1588 4289; x_wconf 81' lang='lat' dir='ltr'>sunto</span> <span class='ocrx_word' id='word_1_453' title='bbox 1614 4237 1673 4291; x_wconf 91' lang='lat' dir='ltr'>del·</span> <span class='ocrx_word' id='word_1_454' title='bbox 1707 4297 1708 4327; x_wconf 25' lang='grc'>1</span> 
     </span>
     <span class='ocr_line' id='line_1_43' title="bbox 348 4323 1675 4398; baseline -0.002 -17"><span class='ocrx_word' id='word_1_455' title='bbox 348 4329 462 4398; x_wconf 81' lang='lat' dir='ltr'>l&#39;opera</span> <span class='ocrx_word' id='word_1_456' title='bbox 479 4329 534 4382; x_wconf 86' lang='lat' dir='ltr'>che</span> <span class='ocrx_word' id='word_1_457' title='bbox 553 4327 673 4382; x_wconf 87' lang='lat' dir='ltr'>intende</span> <span class='ocrx_word' id='word_1_458' title='bbox 692 4327 862 4396; x_wconf 77' lang='lat' dir='ltr'>pubblicum</span> <span class='ocrx_word' id='word_1_459' title='bbox 880 4342 938 4380; x_wconf 88' lang='lat' dir='ltr'>con</span> <span class='ocrx_word' id='word_1_460' title='bbox 956 4332 1025 4382; x_wconf 87' lang='lat' dir='ltr'>note</span> <span class='ocrx_word' id='word_1_461' title='bbox 1045 4342 1061 4380; x_wconf 91' lang='lat' dir='ltr'>e</span> <span class='ocrx_word' id='word_1_462' title='bbox 1081 4325 1266 4380; x_wconf 85' lang='lat' dir='ltr'>documenti:</span> <span class='ocrx_word' id='word_1_463' title='bbox 1286 4324 1337 4377; x_wconf 79' lang='lat' dir='ltr'>«Il</span> <span class='ocrx_word' id='word_1_464' title='bbox 1347 4325 1454 4378; x_wconf 64' lang='lat' dir='ltr'>&amp;noto</span> <span class='ocrx_word' id='word_1_465' title='bbox 1473 4323 1609 4378; x_wconf 71' lang='lat' dir='ltr'>scamno</span> <span class='ocrx_word' id='word_1_466' title='bbox 1628 4327 1675 4379; x_wconf 82' lang='lat' dir='ltr'>nel</span> 
     </span>
     <span class='ocr_line' id='line_1_44' title="bbox 350 4410 1674 4485; baseline -0.003 -15"><span class='ocrx_word' id='word_1_467' title='bbox 350 4417 436 4471; x_wconf 86' lang='lat' dir='ltr'><strong>XIII</strong></span> <span class='ocrx_word' id='word_1_468' title='bbox 452 4418 541 4472; x_wconf 82' lang='lat' dir='ltr'>secolo</span> <span class='ocrx_word' id='word_1_469' title='bbox 559 4431 666 4470; x_wconf 64' lang='grc'>111111111-</span> <span class='ocrx_word' id='word_1_470' title='bbox 683 4417 774 4471; x_wconf 70' lang='lat' dir='ltr'>Uario</span> <span class='ocrx_word' id='word_1_471' title='bbox 788 4416 808 4468; x_wconf 83' lang='lat' dir='ltr'><strong>I</strong></span> <span class='ocrx_word' id='word_1_472' title='bbox 823 4416 855 4469; x_wconf 71' lang='lat' dir='ltr'>d&#39;</span> <span class='ocrx_word' id='word_1_473' title='bbox 867 4415 970 4485; x_wconf 78' lang='grc'>11111111,</span> <span class='ocrx_word' id='word_1_474' title='bbox 991 4415 1130 4470; x_wconf 75' lang='lat' dir='ltr'>Seculare</span> <span class='ocrx_word' id='word_1_475' title='bbox 1148 4413 1179 4466; x_wconf 80' lang='lat' dir='ltr'>di</span> <span class='ocrx_word' id='word_1_476' title='bbox 1197 4414 1329 4467; x_wconf 78' lang='lat' dir='ltr'>Roma».</span> <span class='ocrx_word' id='word_1_477' title='bbox 1351 4411 1405 4466; x_wconf 87' lang='lat' dir='ltr'>Nel</span> <span class='ocrx_word' id='word_1_478' title='bbox 1425 4426 1490 4480; x_wconf 90' lang='lat' dir='ltr'>cap.</span> <span class='ocrx_word' id='word_1_479' title='bbox 1511 4410 1528 4463; x_wconf 75' lang='lat'><strong>2</strong></span> <span class='ocrx_word' id='word_1_480' title='bbox 1547 4410 1606 4463; x_wconf 89' lang='lat' dir='ltr'>l&#39;A.</span> <span class='ocrx_word' id='word_1_481' title='bbox 1628 4429 1674 4466; x_wconf 85' lang='lat' dir='ltr'>ac-</span> 
     </span>
     <span class='ocr_line' id='line_1_45' title="bbox 350 4499 1673 4574; baseline -0.005 -13"><span class='ocrx_word' id='word_1_482' title='bbox 350 4521 446 4562; x_wconf 83' lang='lat' dir='ltr'>ccuna</span> <span class='ocrx_word' id='word_1_483' title='bbox 465 4507 487 4560; x_wconf 89' lang='lat' dir='ltr'>il</span> <span class='ocrx_word' id='word_1_484' title='bbox 509 4509 666 4560; x_wconf 78' lang='lat' dir='ltr'>«costumis</span> <span class='ocrx_word' id='word_1_485' title='bbox 685 4506 833 4574; x_wconf 84' lang='lat' dir='ltr'>proposito</span> <span class='ocrx_word' id='word_1_486' title='bbox 852 4504 899 4559; x_wconf 92' lang='lat' dir='ltr'>del</span> <span class='ocrx_word' id='word_1_487' title='bbox 919 4504 1025 4574; x_wconf 90' lang='lat' dir='ltr'>popolo</span> <span class='ocrx_word' id='word_1_488' title='bbox 1045 4503 1177 4556; x_wconf 81' lang='lat' dir='ltr'>Romano</span> <span class='ocrx_word' id='word_1_489' title='bbox 1196 4501 1244 4556; x_wconf 94' lang='lat' dir='ltr'>nel</span> <span class='ocrx_word' id='word_1_490' title='bbox 1263 4500 1337 4554; x_wconf 82' lang='lat' dir='ltr'>xm</span> <span class='ocrx_word' id='word_1_491' title='bbox 1355 4499 1456 4555; x_wconf 85' lang='lat' dir='ltr'>secolo</span> <span class='ocrx_word' id='word_1_492' title='bbox 1473 4499 1503 4552; x_wconf 85' lang='lat' dir='ltr'>di</span> <span class='ocrx_word' id='word_1_493' title='bbox 1516 4513 1613 4554; x_wconf 87' lang='lat' dir='ltr'>essere</span> <span class='ocrx_word' id='word_1_494' title='bbox 1632 4503 1673 4554; x_wconf 81' lang='lat' dir='ltr'>in-</span> 
     </span>
     <span class='ocr_line' id='line_1_46' title="bbox 350 4588 1673 4667; baseline -0.008 -16"><span class='ocrx_word' id='word_1_495' title='bbox 350 4595 530 4667; x_wconf 78' lang='lat' dir='ltr'>dipandarrte</span> <span class='ocrx_word' id='word_1_496' title='bbox 549 4595 627 4649; x_wconf 82' lang='lat' dir='ltr'>dalla</span> <span class='ocrx_word' id='word_1_497' title='bbox 645 4593 752 4650; x_wconf 75' lang='lat' dir='ltr'>chiesa</span> <span class='ocrx_word' id='word_1_498' title='bbox 767 4609 787 4649; x_wconf 82' lang='lat' dir='ltr'>a</span> <span class='ocrx_word' id='word_1_499' title='bbox 802 4594 868 4648; x_wconf 86' lang='lat' dir='ltr'>dall&#39;</span> <span class='ocrx_word' id='word_1_500' title='bbox 882 4593 1008 4662; x_wconf 80' lang='lat' dir='ltr'>Impera,</span> <span class='ocrx_word' id='word_1_501' title='bbox 1028 4592 1233 4646; x_wconf 76' lang='lat' dir='ltr'>uell&#39;eleaione</span> <span class='ocrx_word' id='word_1_502' title='bbox 1252 4589 1299 4644; x_wconf 91' lang='lat' dir='ltr'>del</span> <span class='ocrx_word' id='word_1_503' title='bbox 1318 4588 1463 4644; x_wconf 84' lang='lat' dir='ltr'>Senatore</span> <span class='ocrx_word' id='word_1_504' title='bbox 1479 4603 1496 4642; x_wconf 89' lang='lat' dir='ltr'>e</span> <span class='ocrx_word' id='word_1_505' title='bbox 1515 4589 1563 4644; x_wconf 86' lang='lat' dir='ltr'>nal</span> <span class='ocrx_word' id='word_1_506' title='bbox 1576 4591 1673 4660; x_wconf 66' lang='lat' dir='ltr'>reggi-</span> 
     </span>
     <span class='ocr_line' id='line_1_47' title="bbox 351 4681 1036 4742; baseline -0.013 -1"><span class='ocrx_word' id='word_1_507' title='bbox 351 4689 452 4742; x_wconf 85' lang='lat' dir='ltr'>meuto</span> <span class='ocrx_word' id='word_1_508' title='bbox 472 4682 520 4737; x_wconf 92' lang='lat' dir='ltr'>del</span> <span class='ocrx_word' id='word_1_509' title='bbox 539 4681 670 4736; x_wconf 84' lang='lat' dir='ltr'>Comune</span> <span class='ocrx_word' id='word_1_510' title='bbox 690 4697 707 4736; x_wconf 90' lang='lat' dir='ltr'>e</span> <span class='ocrx_word' id='word_1_511' title='bbox 726 4681 774 4736; x_wconf 93' lang='lat' dir='ltr'>del</span> <span class='ocrx_word' id='word_1_512' title='bbox 795 4697 848 4736; x_wconf 89' lang='lat' dir='ltr'>suo</span> <span class='ocrx_word' id='word_1_513' title='bbox 868 4681 1036 4736; x_wconf 80' lang='lat' dir='ltr'>distretto».</span> 
     </span>
    </p>
   </div>
   <div class='ocr_carea' id='block_1_4' title="bbox 0 0 1737 5508">
    <p class='ocr_par' dir='ltr' id='par_1_5' title="bbox 0 0 1737 5508">
     <span class='ocr_line' id='line_1_48' title="bbox 0 0 1737 5508; baseline 0 0"><span class='ocrx_word' id='word_1_514' title='bbox 0 0 1737 5508; x_wconf 95' lang='lat' dir='ltr'> </span> 
     </span>
    </p>
   </div>
  </div>
 </body>
</html>
