3464 5508
614 409 713 468 ..33
735 441 774 454 ..

104 586 259 646 CXXVI.
282 588 334 647 De
354 585 478 647 bannis
499 589 688 662 pratorum.

106 756 193 816 Item
215 755 296 832 quod
316 758 347 815 in
361 754 439 814 festo
454 754 676 814 Purificationis
690 752 823 813 bannum
837 753 951 813 faciant
964 753 1043 830 quod
1058 753 1137 814 dicte
1151 751 1246 814 bestie
1260 771 1364 811 omnes

25 876 153 932 caveant
175 891 210 930 66
232 872 374 948 spretis.
395 871 436 928 Et
456 879 524 947 post
544 869 657 928 dictum
678 868 812 928 bannum
833 869 937 926 datum
957 870 984 928 si
1004 887 1063 944 666
1087 869 1221 946 ipsarum
1252 864 1361 926 bestia·
1452 899 1456 904 ·

25 1007 89 1044 rum
109 989 143 1044 in
167 987 213 1046 616
233 988 435 1058 inveniantur,
457 987 599 1063 puniatur
618 991 763 1062 patronus
783 1004 894 1057 earum,
917 991 951 1042 ut
970 985 1140 1044 continetur
1159 984 1192 1041 in
1222 981 1361 1060 capitulis

26 1121 115 1178 supra
138 1101 309 1177 designetis
330 1103 356 1160 si
377 1103 585 1161 invenirentur
605 1103 637 1159 in
657 1099 766 1159 bladis,
1390 1119 1403 1173 5

104 1280 276 1340 CXXVII.
296 1283 349 1340 De
371 1277 582 1340 abstinendis
603 1279 721 1340 bestiis
742 1295 763 1338 a
783 1277 989 1352 vignalibus.

106 1450 190 1506 Item
212 1448 292 1524 quod
313 1449 344 1506 in
365 1447 442 1507 festo
464 1446 552 1506 beate
572 1449 668 1506 Maria
688 1447 726 1506 de
747 1466 849 1506 mense
871 1448 969 1504 martii
989 1445 1102 1506 faciant
1133 1446 1250 1506 banniri
1281 1443 1363 1521 quod

31 1560 122 1621 bestie
144 1562 358 1622 abstineantur
377 1583 395 1620 a
416 1560 597 1639 vignalibua
619 1562 659 1620 Et
679 1571 748 1639 post
767 1561 881 1620 dictum
902 1560 1035 1620 bannum
1056 1561 1159 1620 datum
1179 1563 1203 1620 61
1231 1580 1289 1638 666
1319 1562 1363 1619 in·

32 1680 191 1737 veniuntur
212 1681 244 1738 in
265 1681 317 1752 616,
340 1681 503 1756 puniantur
524 1688 557 1738 61
577 1699 677 1757 supra.
699 1679 739 1736 Et
759 1680 849 1737 etiam
870 1678 951 1754 quod
961 1698 1048 1738 nemo
1063 1678 1155 1738 vadat
1167 1698 1222 1756 per
1233 1679 1362 1754 aliquam

33 1794 195 1852 traiectum.
217 1794 258 1852 Et
277 1802 346 1871 post
366 1794 479 1853 dictum
498 1793 632 1854 bannum
654 1794 759 1852 datum
778 1795 804 1852 61
825 1795 892 1869 6616
913 1795 1000 1853 iverit
1029 1813 1084 1870 por
1114 1813 1189 1866 eam,
1221 1795 1363 1871 puniatur
1394 1823 1426 1862 10

32 1908 61 1965 in
78 1909 147 1968 XII
170 1909 312 1969 denariis.
334 1908 367 1967 Si
387 1928 459 1970 vero
479 1928 534 1988 per
554 1928 620 1969 eam
641 1909 820 1969 conduxerit
839 1910 970 1985 aliquam
990 1907 1136 1982 bestiam,
1158 1911 1301 1987 puniatur
1331 1911 1363 1968 in

35 2021 194 2098 Vsolidis,
218 2023 256 2082 de
276 2029 364 2084 nocte
385 2043 457 2084 vero
480 2029 512 2083 ut
532 2044 633 2102 supra.
653 2024 694 2083 Et
714 2025 804 2084 etiam
825 2023 864 2083 (16
885 2021 1111 2100 marginibusa
1142 2023 1221 2084 dicto
1252 2024 1302 2084 (116
1332 2026 1364 2082 16

35 2141 119 2197 66166
138 2141 308 2217 puniantur
327 2137 432 2200 bestie.

109 2314 296 2377 CXXVIII.
317 2319 370 2376 De
391 2315 596 2378 auctoritate
617 2315 721 2379 eundi
740 2334 801 2393 per
821 2321 920 2393 prata
942 2333 1024 2378 cum
1044 2315 1170 2379 bestiis.

110 2484 193 2545 Item
214 2485 296 2562 quod
316 2505 334 2544 6
354 2484 431 2546 festo
453 2485 565 2546 Sancte
585 2487 680 2545 Marte
699 2487 821 2563 augusti
840 2487 872 2545 in
892 2492 982 2546 antea
1002 2506 1061 2545 non
1083 2489 1244 2544 teneantur
1257 2503 1365 2547 cavere
1396 2513 1424 2565 15

39 2595 145 2659 bestias
166 2622 185 2660 a
207 2604 310 2679 pratis,
332 2602 386 2662 sed
407 2606 531 2662 teneant
551 2604 632 2680 ipsas
653 2602 765 2662 bestias
785 2605 816 2661 in
838 2605 910 2681 ipsis
932 2604 971 2663 ad
991 2625 1095 2664 eorum
1115 2604 1284 2663 utilitatem.
1298 2603 1366 2666 Nisi

39 2713 177 2777 damnum
200 2717 340 2778 dederint
360 2720 391 2777 in
412 2717 482 2778 feno
513 2719 562 2779 vel
594 2717 697 2790 senili,
729 2720 759 2776 in
792 2715 946 2795 6666666
966 2724 1127 2779 teneantur
1148 2718 1316 2798 adponam
1336 2718 1366 2780 V

40 2829 200 2890 solidorum
221 2832 259 2891 (16
281 2832 348 2906 (116,
371 2837 402 2892 61
422 2832 460 2892 (16
481 2838 568 2893 66616
598 2835 630 2892 16
661 2833 785 2911 duplum
808 2839 960 2912 utsupra.
993 2835 1032 2893 Et
1063 2836 1154 2894 etiam
1185 2833 1224 2894 ad
1255 2833 1366 2894 (1161616

40 2961 141 3017 penam
161 2951 332 3021 teneantur,
354 2949 379 3008 si
399 2949 592 3008 inveniantur
606 2969 661 3026 per
674 2949 830 3009 custodem
843 2951 875 3009 in
889 2948 1126 3026 quibuscumque
1147 2952 1220 3010 16616
1235 2970 1253 3010 6
1266 2949 1367 3010 banno

40 3062 167 3137 tempore
188 3060 346 3140 prohibito,
368 3063 455 3122 aliter
474 3082 546 3124 vero
560 3083 628 3136 non,
644 3065 702 3123 nisi
716 3064 859 3124 damnum
880 3065 1008 3125 excedat
1037 3067 1170 3126 valorem
1199 3065 1247 3126 VI
1277 3066 1368 3125 dena·
1395 3086 1430 3125 20

43 3173 145 3235 riorum
167 3178 319 3236 communi
338 3179 567 3236 existimatione.
588 3178 629 3236 Et
648 3179 690 3236 ita
710 3179 773 3239 fieri
790 3179 899 3239 debeat
918 3186 950 3239 et
969 3181 1157 3258 intelligatur
1176 3182 1209 3240 in
1229 3181 1369 3242 omnibus

43 3285 153 3351 damnis
175 3291 255 3351 (16116
275 3293 301 3351 61
321 3311 376 3369 per
395 3290 550 3350 custodem
571 3293 773 3353 Invenientur.

117 3466 268 3527 ΟΧΧΙΧ.
289 3470 342 3528 De
363 3468 568 3545 vignalibus.

115 3635 682 3712 1161116661616616866616116616
708 3639 747 3700 (16
777 3659 880 3700 mense
914 3640 1095 3720 septembris
1126 3643 1156 3700 in
1188 3645 1278 3700 autea
1309 3661 1370 3702 non

45 3746 199 3810 teneantur
219 3751 257 3811 (16
276 3753 459 3830 vignalibus,
481 3755 539 3814 nisi
561 3753 611 3813 ubi
632 3762 734 3815 essent
753 3757 831 3814 vites
862 3775 920 3831 666
953 3775 1014 3815 non
1045 3761 1147 3815 essent
1177 3755 1370 3830 vindemiate,
1399 3783 1430 3836 25

45 3858 147 3939 inquo
168 3885 240 3925 6666
260 3872 421 3926 teneantur
442 3868 538 3928 donec
558 3867 671 3928 fuerint
691 3870 882 3943 vindemiate,
905 3874 936 3930 et
967 3870 1047 3946 quod
1077 3868 1188 3930 abinde
1219 3872 1249 3929 in
1281 3875 1371 3928 antea

46 3993 99 4036 non
118 3986 297 4060 teneantur3
319 3988 350 4042 61
370 3984 451 4060 quod
475 3985 613 4062 vignales
644 3985 682 4045 (16
713 3983 822 4062 quibus
842 3983 975 4045 bennum
1009 3987 1205 4064 intelligatur,
1240 3985 1372 4046 debeant

47 4083 157 4153 banniri
177 4100 208 4154 ot
222 4097 317 4156 videri
331 4117 386 4175 per
400 4101 559 4158 messarios
573 4100 684 4159 6166166
699 4098 753 4181 [61]
768 4120 868 4178 supra,
883 4101 908 4159 61
922 4102 984 4160 6161
996 4101 1072 4160 16166
1087 4101 1167 4177 quod
1181 4102 1286 4162 merito
1300 4100 1372 4161 ban·

48 4203 149 4282 uictor,
171 4209 259 4270 ahter
279 4231 339 4272 non
359 4215 476 4291 possint
495 4213 624 4288 bannui,
645 4234 701 4275 nec
720 4216 827 4292 aliquis
848 4220 986 4274 teneatur
1005 4236 1060 4292 pro
1081 4214 1185 4276 bestiis
1201 4214 1372 4296 adponam.

121 4388 254 4449 CXXX.
275 4390 329 4449 De
350 4387 540 4465 lupinariis.
1402 4399 1435 4455 30

120 4557 199 4616 Item
220 4556 301 4632 quod
321 4559 347 4617 si
368 4558 435 4634 6616
456 4557 600 4618 damnum
621 4559 739 4618 dederit
758 4579 827 4618 cum
847 4558 997 4635 aliquibus
1017 4557 1123 4618 bestiis
1144 4561 1174 4618 in
1206 4560 1372 4638 lupiuariis,

52 4669 182 4738 puniatur
204 4674 237 4728 ut
258 4668 296 4728 de
317 4670 385 4729 61116
405 4669 522 4745 bladis3
543 4671 627 4732 salvo
649 4671 729 4748 quod
749 4691 767 4730 a
788 4670 837 4730 (116
857 4673 953 4749 primo
975 4673 1045 4730 maii
1065 4673 1097 4731 in
1119 4677 1208 4732 antea
1227 4675 1322 4752 possit
1341 4676 1373 4734 in

113 4781 153 4836 Le
171 4782 299 4837 Meurri.
1286 4805 1298 4856 5
