3464 5508
928 415 1086 476 -12..

345 543 470 624 probare
491 561 550 603 non
571 541 665 621 possit
686 539 733 602 vol
754 537 837 611 nolit,
857 536 946 596 lioaat
976 533 1095 594 deferre
1122 533 1334 612 jusiurandum
1353 535 1444 612 parti,
1471 535 1503 591 et
1522 531 1643 607 quoditie

345 661 393 722 cui
414 657 558 732 defertur,
578 659 716 716 teneatur
735 653 833 714 iurare
863 652 912 714 vel
932 655 1013 712 stare
1043 657 1229 711 sacramento
1259 651 1352 728 ipsius
1374 651 1425 727 qui
1450 645 1558 720 defert,
1577 651 1602 706 et
1617 667 1649 706 se·

345 774 477 838 cundum
497 771 578 852 quod
598 771 741 833 iuraverit
763 785 949 848 quacumque
978 765 1108 846 partium
1139 765 1350 844 predictarum,
1371 768 1545 842 exequatur
1563 769 1590 821 et
1608 781 1651 820 an-

346 895 425 976 plius
445 891 530 972 queri
550 911 610 952 nou
631 890 733 970 possit.

306 1093 320 1148 5
426 1073 494 1136 XL.
516 1070 617 1152 Quod
637 1065 798 1132 mulieres
819 1082 889 1130 nou
911 1069 1079 1144 cogantur
1100 1065 1150 1128 ire
1171 1066 1216 1129 ad
1237 1064 1381 1128 curiam.

426 1245 505 1306 Item
524 1241 605 1322 quod
625 1241 765 1302 mulieres
785 1257 844 1300 uon
865 1243 1013 1316 cogantur
1032 1239 1077 1299 ire
1096 1236 1136 1298 ed
1156 1238 1269 1298 curiam
1289 1236 1495 1315 personaliter
1514 1228 1664 1310 proaliquo

347 1381 438 1422 causa
457 1359 538 1422 civili
559 1357 608 1420 vel
629 1355 784 1428 criminali,
805 1353 967 1415 dummodo
987 1353 1067 1432 quod
1092 1354 1175 1414 curia
1195 1354 1289 1432 possit
1310 1351 1423 1413 habere
1449 1371 1512 1430 pro
1535 1348 1580 1408 eis
1598 1342 1666 1404 sulfi-

347 1479 476 1538 oieutsm
496 1473 708 1554 responsalem.
728 1471 813 1532 Etsi
835 1472 955 1532 omuino
976 1473 1112 1550 oporteat
1132 1471 1213 1549 ipsas
1233 1489 1288 1530 seu
1319 1471 1449 1546 aliquam
1480 1469 1617 1545 ipsarum
1633 1462 1666 1517 ire

346 1589 547 1672 proferendis
566 1589 743 1650 testimoniis
763 1607 817 1650 seu
837 1587 1008 1668 praetendis
1027 1589 1211 1662 iuramentis,
1233 1593 1373 1648 teneatur
1386 1587 1429 1647 ire
1443 1602 1550 1662 usqne
1570 1580 1606 1640 ad
1624 1577 1667 1634 Eo

288 1727 321 1767 ιο
346 1709 468 1770 olesiam
488 1707 598 1770 Sancta
617 1705 782 1784 Margarita
803 1708 834 1765 et
852 1725 913 1765 non
934 1705 1023 1765 ultra.
1046 1704 1087 1764 Et
1107 1703 1149 1765 ibi
1169 1703 1309 1766 offitialss
1328 1705 1412 1765 curie
1432 1702 1589 1781 recipiant
1605 1698 1667 1756 iara-

347 1829 447 1887 mente
467 1823 506 1886 ab
526 1825 570 1886 eis
590 1827 679 1902 atque
700 1823 919 1898 examinentur,
941 1827 975 1884 ut
995 1821 1161 1902 expediens
1182 1824 1248 1883 erit.

426 2005 513 2066 XLI.
533 2001 690 2085 Qualiter
708 2003 916 2080 procedatur
936 2000 973 2063 in
994 1999 1242 2065 criminalibus.

423 2176 502 2237 Item
521 2176 592 2254 qaia
611 2173 663 2234 ubi
683 2174 779 2236 maius
799 2175 965 2255 periculam
985 2176 1121 2248 vertitur,
1142 2173 1184 2234 ibi
1204 2174 1322 2235 cautius
1343 2171 1579 2251 satagendum,
1600 2162 1661 2224 etin

345 2290 548 2353 criminalibus
567 2292 665 2351 causis
685 2291 820 2352 homines
842 2291 931 2352 huius
951 2291 1042 2352 castri
1063 2295 1166 2352 contra
1186 2291 1233 2352 ius
1254 2299 1285 2353 et
1304 2292 1453 2352 lastiniam
1474 2289 1581 2369 potius
1611 2298 1664 2357 grt-

287 2435 316 2490 15
345 2407 494 2470 vehantur
513 2406 551 2466 ab
571 2404 745 2466 offitialibus
767 2403 838 2467 dicti
858 2407 957 2480 castri,
979 2414 1125 2468 statutum
1147 2411 1178 2467 et
1198 2407 1368 2468 ordinatam
1389 2405 1449 2466 fuit
1480 2411 1575 2481 atque
1608 2413 1662 2455 0⁰11·
1708 2423 1710 2454 1

344 2541 462 2584 cessum
482 2520 562 2598 quod
582 2521 608 2582 si
629 2521 696 2598 quis
717 2520 755 2581 de
781 2520 861 2581 dioto
890 2529 989 2582 castro
1022 2530 1180 2584 accusatus
1210 2521 1260 2584 vel
1280 2522 1480 2582 denunciatus
1500 2515 1597 2579 fuerit
1623 2506 1661 2568 nel

344 2641 448 2699 contre
466 2658 535 2699 eum
555 2638 729 2714 inquisitum
751 2636 789 2696 de
810 2655 996 2715 quonamque
1017 2637 1171 2712 maleficio,
1192 2639 1316 2698 crimine
1336 2656 1392 2698 seu
1412 2656 1553 2709 excessu,
1569 2624 1662 2692 castal-

344 2757 431 2817 lanus
452 2756 542 2818 faciat
561 2759 660 2836 ipsum
680 2757 781 2818 vocari
801 2777 855 2835 per
874 2755 1027 2835 publicum
1049 2755 1268 2817 mandatarium
1290 2755 1372 2816 curie
1393 2775 1454 2815 una
1473 2754 1523 2815 die
1538 2771 1592 2832 pro
1604 2746 1658 2814 alia,
1710 2774 1711 2808 ι

343 2881 377 2932 ut
397 2874 588 2950 inquisitioni,
610 2872 828 2934 denuntiationi
849 2872 897 2934 vel
918 2891 1027 2933 accuse
1047 2877 1218 2952 compareat
1239 2890 1448 2951 responsurus.
1474 2872 1534 2945 Qui
1567 2868 1592 2928 si
1611 2879 1659 2922 uon
1710 2887 1711 2920 i

284 3012 318 3053 20
344 2990 543 3067 comparuerit
562 2996 632 3049 ante
651 2991 763 3062 tertios,
785 2989 883 3049 solvat
901 3009 956 3068 pro
977 2991 1172 3062 coutumacia,
1194 2993 1229 3049 ut
1248 3008 1340 3066 supra
1359 2989 1391 3047 iu
1413 2989 1545 3066 capitulo
1574 2982 1610 3041 da
1629 2975 1659 3034 cl·
1710 3005 1711 3008 ¹

344 3103 453 3166 vilibus
472 3105 650 3165 continetur.
671 3105 709 3164 In
734 3107 823 3165 tertia
853 3125 925 3167 vero
956 3107 1143 3165 contumacia
1173 3103 1320 3166 habeatur
1350 3125 1405 3184 pro
1435 3111 1611 3166 contumace
1637 3093 1660 3150 ei
1710 3143 1711 3148 η

342 3221 487 3296 confesso,
510 3226 541 3282 et
559 3229 710 3299 tamquam
731 3225 835 3282 contra
855 3226 1062 3282 contumacem
1083 3223 1263 3301 procedatur
1283 3229 1316 3282 ut
1337 3223 1411 3282 iuris
1432 3222 1497 3295 erit,
1526 3219 1585 3280 nisi
1604 3210 1659 3272 talis

343 3341 466 3400 vocatus
485 3339 595 3398 iustam
615 3337 724 3398 habeat
745 3358 895 3413 excusem,
916 3340 947 3399 in
969 3359 1027 3415 quo
1048 3359 1119 3399 casu
1140 3340 1278 3399 excusari
1290 3339 1393 3418 possit,
1408 3338 1457 3399 vel
1477 3339 1538 3398 nisi
1552 3329 1658 3395 adeius

341 3453 477 3513 notitiam
498 3453 598 3512 citatio
618 3474 679 3513 non
699 3454 879 3530 pervenerit.
901 3452 934 3514 Si
955 3473 1026 3514 vero
1047 3457 1171 3514 vocatus
1192 3456 1402 3532 comparuerit,
1417 3459 1559 3515 teneatur
1573 3454 1660 3511 iurare

282 3593 314 3648 25
342 3569 485 3629 mundata
505 3569 599 3643 curie,
621 3573 652 3629 et
672 3588 787 3643 accuse,
820 3569 1037 3630 denuntiationi
1068 3569 1117 3629 vel
1148 3570 1333 3647 inquisitioni
1362 3571 1548 3650 respondere
1572 3581 1659 3631 coram

342 3685 504 3748 castellano
525 3704 579 3746 seu
599 3687 709 3747 vicario
730 3686 811 3764 apud
838 3687 958 3764 logiam,
979 3684 1031 3746 ubi
1061 3692 1237 3748 consuetam
1268 3695 1315 3750 est
1344 3689 1417 3749 talia
1449 3688 1609 3750 discutere.
1628 3681 1660 3741 Ei
1707 3741 1708 3760 ,

343 3802 422 3881 quod
442 3805 581 3863 teneatur
600 3802 689 3861 etiam
710 3800 782 3862 dare
802 3802 926 3863 idoneas
951 3806 982 3862 et
1013 3802 1214 3864 fideiussorias
1244 3805 1398 3866 cautiones
1432 3803 1470 3866 de
1500 3804 1608 3866 stando
1635 3799 1659 3855 el

342 3919 475 3999 parendo
494 3920 561 3995 iuri,
576 3924 606 3980 et
619 3920 748 3980 iudicato
768 3919 921 3994 solvendo,
944 3919 969 3980 si
983 3919 1022 3979 de
1036 3919 1177 3981 malefitio
1191 3919 1378 3981 inveniretur
1398 3918 1556 3996 obnoxius,
1570 3919 1659 3981 taliter
1706 3937 1707 3945 ¹

343 4036 422 4115 quod
443 4035 635 4097 condemnari
655 4037 749 4114 possit
770 4035 808 4096 de
828 4038 901 4112 iure;
924 4041 954 4096 et
975 4037 1055 4115 quod
1076 4037 1163 4098 dictis
1187 4035 1414 4099 fideiussoribus
1442 4037 1539 4114 datis,
1573 4035 1622 4100 vel
1639 4030 1659 4090 si

284 4173 317 4228 30
343 4154 415 4216 dare
434 4159 557 4233 paratus
578 4160 631 4228 est,
653 4153 721 4230 cogi
741 4173 797 4214 nec
818 4155 939 4214 retineri
961 4155 1054 4233 possit
1073 4156 1270 4232 personaliter
1291 4175 1346 4216 neo
1366 4155 1496 4228 realiter,
1509 4157 1567 4216 nisi
1589 4155 1657 4215 esset

343 4272 381 4332 de
400 4271 558 4331 homicidio
579 4270 628 4330 vel
649 4270 687 4330 de
708 4271 806 4347 aliquo
827 4273 946 4348 capitali
968 4272 1077 4331 delicto
1098 4278 1264 4346 accusatus,
1287 4273 1325 4334 de
1346 4293 1404 4350 quo
1424 4273 1590 4334 secundum
1610 4270 1659 4331 for·
1709 4313 1711 4356 i

344 4408 423 4448 mam
442 4389 626 4466 presentium
646 4391 834 4462 statutorum,
856 4390 881 4448 si
902 4387 1058 4467 culpabilis
1078 4397 1167 4463 esset,
1188 4392 1355 4468 capitaliter
1374 4393 1541 4469 puniretur,
1555 4394 1585 4450 in
1605 4386 1657 4467 qui·

345 4503 402 4565 bus
422 4503 540 4566 casibus
561 4504 689 4564 detineri
708 4505 833 4582 possint.
