3464 5508
640 468 679 478 ..
701 432 739 490 37
762 469 800 478 -

119 611 282 672 CXLIII.
302 609 515 687 Subscriptio
536 609 663 672 notarii
683 610 904 673 dominorum
925 613 1217 674 Reformatorurn.

117 778 252 857 Scripta
271 799 327 858 per
346 799 394 839 me
414 779 608 838 Franciscum
629 778 778 838 Matheczi
799 779 837 838 de
867 781 1001 840 Rusticis
1031 782 1178 862 imperiali
1209 782 1387 842 auctoritate

37 897 211 969 notarium,
233 901 265 955 et
285 915 366 955 nunc
384 897 534 955 notarium
556 895 704 954 dictorum
725 895 914 957 dominorum
934 895 1190 971 Reformatorum,
1213 897 1250 957 de
1281 917 1386 957 eorum

38 1009 244 1070 dominorum
265 1011 415 1070 mandato.

122 1185 277 1247 CXLIV.
296 1186 508 1262 Subscriptio
530 1186 751 1250 dominorum
772 1189 1046 1252 Bannerentium
1066 1196 1098 1252 et
1120 1197 1267 1266 quatuor
1288 1194 1388 1252 Ante·
1417 1215 1429 1270 5

40 1299 257 1373 positorum.

121 1473 165 1530 In
188 1473 313 1531 nomine
335 1471 448 1531 domini
468 1472 576 1531 Amen.
598 1472 662 1531 Nos
683 1472 798 1532 Paulus
819 1475 903 1532 Petri
917 1475 1042 1548 Molliri,
1057 1475 1186 1536 Iacobus
1200 1477 1387 1554 Magnescoli

41 1585 273 1660 Bannerenses‚
295 1587 453 1647 Nannolus
472 1588 667 1665 Bapezzinus,
690 1586 763 1646 Uola
784 1587 950 1660 cardellus,
972 1590 1083 1649 Petrus
1106 1589 1266 1650 Oanicator
1286 1595 1317 1649 et
1330 1590 1388 1650 Pe-

43 1705 107 1760 trus
127 1702 351 1779 Delloguercio
372 1708 499 1779 quatuor
519 1702 690 1781 Antapositi
712 1702 809 1763 felicis
829 1705 979 1763 societatis
1009 1705 1239 1764 Balistariorum
1270 1709 1300 1764 et
1329 1705 1388 1763 Pa-

45 1820 224 1876 vesatorum
244 1816 347 1890 Urbis,
369 1816 541 1895 supradicta
562 1818 682 1876 Statuta
701 1825 732 1877 et
753 1818 959 1878 ordinamenta
980 1818 1052 1877 dicti
1072 1820 1162 1878 castri
1185 1818 1304 1880 Olibani
1317 1839 1388 1880 con·
1419 1845 1450 1884 ro

46 1931 207 1992 firmamus
229 1941 261 1992 et
280 1951 335 2010 per
356 1933 455 1992 omnia
476 1930 701 1991 corroboramus
722 1936 752 1990 ot
773 1930 982 2009 approbamus,
1004 1933 1088 1994 salvo
1111 1932 1190 2009 quod
1221 1935 1247 1992 si
1278 1935 1310 1992 in
1343 1934 1387 1992 eis

47 2051 258 2109 contineretur
279 2068 334 2108 seu
354 2050 453 2125 aliquo
474 2053 607 2126 tempore
629 2050 811 2126 reperiretur
832 2049 952 2124 aliquod
973 2048 1053 2125 quod
1075 2057 1154 2108 esset
1174 2053 1277 2108 contra
1297 2050 1388 2109 hono-

47 2181 109 2220 rem
131 2170 164 2222 et
186 2169 302 2224 statum
321 2162 413 2223 Urbis
434 2171 464 2224 st
483 2165 632 2241 presentis
653 2169 748 2223 status
769 2183 823 2223 seu
845 2163 970 2224 Camere
991 2163 1092 2238 Urbis,
1114 2165 1163 2224 vel
1186 2169 1289 2223 contra
1311 2165 1388 2225 sta-

49 2279 121 2336 tuta
143 2295 238 2338 nova
261 2280 353 2339 facta
374 2279 421 2340 vol
445 2277 546 2337 fienda
566 2297 620 2337 seu
642 2277 869 2338 reformationes
889 2277 981 2338 Urbis
995 2277 1091 2338 factas
1105 2279 1154 2339 vel
1167 2277 1292 2352 fiendas,
1308 2278 1389 2355 quod

50 2393 187 2467 predicta
209 2413 269 2470 que
290 2395 333 2453 sic
354 2397 455 2453 essent
475 2398 588 2466 contra,
611 2400 643 2450 ut
663 2413 754 2470 supra
775 2393 889 2453 dictum
910 2397 964 2468 est,
986 2413 1046 2453 non
1067 2395 1188 2454 valeant
1218 2413 1315 2470 neque
1345 2399 1389 2453 te-
1419 2419 1448 2472 ¹5

51 2517 150 2584 noant,
173 2530 276 2587 neque
296 2529 421 2588 presens
442 2507 627 2568 confirmatio
648 2508 687 2567 ad
701 2511 767 2586 ipsa
781 2509 971 2583 extendatur,
987 2529 1041 2569 seu
1055 2511 1144 2570 ineis
1158 2511 1256 2568 locum
1269 2509 1388 2570 habeat.

130 2690 258 2750 CXLV.
280 2684 491 2761 Subscriptio
513 2685 581 2746 loci
602 2687 796 2747 residentia.

129 2859 245 2919 Actum
266 2861 298 2916 in
319 2857 458 2918 domibus
479 2857 640 2917 residentis
661 2859 864 2936 predictorum
887 2859 1075 2918 dominorum
1095 2859 1334 2917 Bannerentium
1359 2865 1389 2915 et

56 2978 179 3045 quatuor
199 2976 457 3052 Autepositorum,
479 2973 536 3032 sub
558 2993 635 3033 anno
658 2974 769 3033 domini
791 2976 948 3034 millesimo
969 2976 1173 3033 tricentesimo
1199 2974 1387 3049 sexagesimo

57 3096 167 3160 quarto,
190 3089 382 3168 pontificatus
404 3089 515 3149 domini
536 3088 653 3148 Urbani
673 3110 750 3167 pape
771 3091 875 3166 quinti,
897 3096 1031 3167 tempore
1053 3089 1164 3149 domini
1184 3086 1328 3147 Bonifatii
1350 3088 1388 3146 de
1416 3121 1450 3158 20

58 3200 222 3268 Ricciardis
234 3206 271 3265 de
283 3207 411 3265 Pistorio
426 3207 538 3278 militis,
567 3207 644 3263 aime
666 3205 758 3265 Urbis
769 3207 916 3265 senatoris
927 3207 1061 3278 illustris,
1074 3204 1235 3263 indictione
1246 3202 1387 3275 secunda,

60 3337 159 3382 mense
180 3325 332 3396 Ianuario,
355 3323 403 3381 die
424 3322 652 3399 quindicesima.

134 3501 277 3562 CXLVI.
298 3498 508 3575 Subscriptio
530 3499 655 3560 notarii
676 3499 857 3561 societatis
880 3491 1158 3561 Balistariorum,

135 3672 255 3748 Scripta
275 3689 329 3747 per
349 3691 397 3730 me
418 3671 543 3729 Petrum
563 3669 680 3729 Nicolai
701 3669 771 3729 Gari
792 3671 950 3743 notarium,
971 3674 1001 3729 et
1021 3689 1102 3729 nunc
1123 3670 1271 3729 notarium
1296 3672 1388 3731 socie·

62 3788 126 3847 tatis
145 3789 375 3848 Balistariorum
396 3793 426 3848 et
448 3789 668 3848 Pavesatorum
689 3787 793 3861 Urbis,
817 3787 854 3846 de
876 3788 1017 3846 mandato
1039 3787 1186 3847 dictorum
1201 3787 1388 3846 dominorum
1417 3804 1448 3856 25

61 3898 296 3964 Bannorensium
317 3908 347 3963 et
368 3908 496 3981 quatuor
516 3903 773 3980 Antapositorum.

136 4081 293 4141 CXLVII.
317 4078 542 4141 Confirmatio
564 4078 785 4139 dominorum
806 4080 1022 4140 Senatorum.

136 4250 172 4309 In
194 4252 315 4310 nomine
337 4250 448 4309 domini
469 4249 578 4308 Amen.
600 4250 664 4309 Nos
684 4248 855 4309 Bonifatius
877 4248 914 4307 de
936 4249 1065 4308 Pistorio
1086 4251 1180 4322 miles,
1201 4250 1260 4308 Dei
1275 4251 1388 4326 .gratia

66 4361 136 4424 alme
156 4365 249 4426 Urbis
269 4373 390 4426 senator
410 4368 543 4439 illustris,
568 4366 688 4425 decreto
708 4371 738 4425 et
759 4367 935 4452 auctoritate
956 4368 1034 4425 sacri
1055 4366 1193 4439 Senatus,
1216 4367 1388 4442 supradicta

66 4475 176 4543 Statuta
197 4489 228 4542 et
249 4483 455 4543 ordinamenta
477 4484 547 4544 dicti
568 4484 658 4542 castri
681 4481 799 4542 Olibani
822 4482 1032 4541 confirmamus
1053 4488 1083 4541 et
1104 4503 1158 4559 per
1179 4483 1277 4541 omnia
1291 4502 1388 4542 corro-
1418 4503 1451 4556 30

67 4590 198 4660 boramus
219 4604 249 4659 et
271 4599 479 4677 approbamus.
502 4599 592 4658 Salvo
614 4599 694 4674 quod
714 4600 740 4657 si
761 4600 792 4655 in
813 4599 856 4656 eis
876 4601 1087 4672 contineretur,
1110 4618 1164 4657 seu
1185 4599 1284 4672 aliquo
1315 4603 1389 4657 tem-

67 4727 131 4783 pore
149 4717 331 4794 reperiretur
352 4714 473 4792 aliquod
494 4715 575 4791 quod
595 4713 778 4773 contrarium
799 4717 879 4771 essct
898 4723 1002 4772 contra
1022 4733 1077 4772 uos
1102 4718 1133 4772 et
1162 4713 1306 4773 honorem
1336 4734 1388 4773 no-
