3464 5508
21 561 42 612 lt
63 559 269 632 percusserit
293 581 379 622 oum
404 566 563 642 sanguiue,
584 565 633 624 vel
653 565 727 638 siue,
750 563 864 640 absque
883 582 962 642 pena
985 565 1139 636 transeat,
1171 561 1377 624 medicaminis

18 673 127 731 retium
149 677 290 737 tantum
314 685 458 757 prestet.
477 681 519 740 Et
538 681 578 740 ad
597 679 787 759 probandum
809 680 919 740 dictam
941 683 1051 739 etatem
1072 683 1103 738 et
1123 697 1218 738 annos
1244 681 1330 756 pater
1349 685 1381 736 et

15 795 91 848 later
113 789 364 856 admittantur.

73 969 170 1032 LIX.
197 974 263 1035 De
289 976 486 1039 salvandis
508 975 642 1039 dotibus
663 975 860 1039 mulierum.

76 1141 168 1203 Item
192 1146 293 1221 quod
318 1167 408 1209 uxor
427 1169 488 1209 nou
507 1149 650 1228 puniatur
670 1167 724 1226 pro
745 1145 860 1208 offensa
880 1147 938 1208 viri
957 1149 1013 1221 sui,
1035 1146 1091 1206 sed
1112 1145 1198 1206 dotes
1216 1164 1295 1220 suas,
1310 1165 1382 1223 qua-
1411 1169 1422 1222 5

8 1260 215 1338 itercumque
239 1265 301 1325 vir
327 1268 400 1326 eius
420 1266 588 1343 deliquerit,
610 1266 749 1328 volamus
769 1283 835 1324 esse
854 1265 964 1326 salvas.
993 1263 1088 1324 Pater
1117 1264 1207 1323 etiam
1237 1283 1298 1323 non
1328 1283 1383 1341 pu-

7 1375 104 1436 niatur
126 1397 190 1456 pro
214 1379 359 1444 offensa
378 1381 442 1458 filii,
462 1391 493 1443 et
512 1381 567 1442 filii
586 1381 716 1442 familias
736 1383 900 1461 puniantur
920 1386 955 1441 ut
974 1381 1025 1442 alii
1045 1382 1136 1444 cives.

84 1553 164 1616 LX.
189 1558 256 1619 De
283 1557 510 1636 corrigendis
531 1557 707 1636 discipulis
728 1557 803 1621 sine
822 1575 920 1636 pene.

85 1723 178 1786 Item
200 1728 315 1790 liceat
336 1729 462 1792 cuilibet
480 1728 661 1808 dlacipulnm
681 1749 769 1790 suum
800 1729 850 1791 vei
881 1727 1058 1789 familiarem
1088 1727 1295 1802 domesticum,
1316 1729 1382 1788 siue

10 1843 95 1897 metu
116 1861 209 1918 pene
235 1845 407 1908 moderate
428 1845 598 1908 verberare.
1412 1853 1445 1892 ¹⁰

97 2019 198 2082 LXI.
223 2025 293 2087 De
317 2025 517 2088 excessibus
538 2023 735 2088 commissis
755 2025 914 2088 ludendo.

99 2189 191 2251 Item
217 2195 312 2271 quod
333 2215 491 2256 excessum
511 2195 640 2273 aliquem
662 2195 688 2253 si
708 2195 776 2272 quis
789 2195 971 2255 commiserit
983 2195 1167 2272 ignoranter,
1182 2213 1236 2254 seu
1250 2193 1384 2255 ludendo

20 2321 75 2362 scu
96 2287 295 2388 casualiter,
318 2317 349 2374 et
368 2311 495 2392 probare
516 2314 634 2391 poterit,
655 2310 736 2372 facta
755 2311 998 2371 reconciliatione
1018 2329 1087 2370 cum
1107 2317 1193 2390 parte
1213 2311 1297 2384 lesa,
1318 2313 1384 2371 siue

23 2439 106 2494 pena
124 2429 293 2503 transeat,
315 2434 346 2489 et
365 2434 470 2490 contra
489 2448 559 2489 eum
578 2429 701 2505 procedi
726 2449 787 2490 non
817 2429 920 2507 possit.
951 2428 992 2487 Et
1022 2429 1048 2488 si
1078 2446 1253 2506 processum
1283 2427 1384 2502 fuerit,

28 2543 228 2606 retractetur
251 2566 422 2626 processus.
1416 2561 1445 2612 ¹5

114 2721 234 2788 LXII.
260 2727 361 2806 Quod
382 2743 452 2789 non
471 2730 679 2803 procedatur
704 2744 766 2804 per
793 2726 1060 2804 inquisitionem,
1082 2723 1149 2789 nisi
1179 2722 1216 2786 in
1248 2724 1386 2787 casibus

37 2837 237 2902 concessis.

120 3007 211 3073 Item
233 3013 315 3090 quod
336 3013 519 3074 castellanus
538 3031 595 3073 nec
616 3014 693 3073 alius
713 3011 849 3074 officialis
874 3013 954 3073 dicte
984 3014 1067 3072 curie
1097 3013 1192 3092 possit
1222 3013 1386 3092 procedere

46 3127 152 3185 contra
174 3130 311 3207 aliquem
332 3129 403 3190 dicti
424 3131 515 3189 castri
536 3128 574 3190 de
594 3129 693 3206 aliquo
715 3127 861 3189 maleficio
881 3130 931 3189 vel
951 3129 1061 3190 delicto
1080 3129 1235 3207 perviam
1266 3130 1389 3205 inquisi-

46 3233 137 3299 tionis
157 3245 214 3305 vel
236 3245 478 3319 denuntiationis,
499 3247 558 3306 nisi
577 3264 633 3324 por
652 3265 791 3307 accusem
810 3251 929 3306 tantinn
948 3248 981 3306 in
1001 3246 1100 3322 aliquo
1118 3263 1201 3312 casu,
1216 3246 1275 3304 nisi
1289 3245 1388 3304 solnm
1416 3244 1452 3286 ²⁰

51 3346 81 3405 i11
102 3355 229 3419 casibus
249 3358 302 3419 ubi
322 3379 466 3439 expresse
486 3360 544 3421 sibi
564 3361 740 3421 conceditur
759 3381 799 3423 ex
819 3360 917 3422 forma
938 3363 1123 3440 presentium
1143 3365 1334 3422 statutorum.

133 3532 261 3600 LXIII.
281 3536 334 3598 De
356 3535 562 3603 forbannitis
583 3541 616 3599 et
637 3537 813 3602 diffidatis.

133 3698 216 3762 Item
236 3700 317 3778 quod
336 3699 501 3761 forbanniti
521 3706 552 3763 et
571 3701 701 3763 diffidati
722 3703 836 3762 dictum
856 3707 988 3764 castrum
1013 3705 1159 3764 reintrare
1184 3719 1244 3764 non
1263 3705 1387 3782 possint,

61 3809 115 3868 nisi
135 3819 221 3892 prius
241 3817 323 3877 curie
344 3821 375 3876 at
393 3819 472 3894 parti
491 3818 554 3878 lese
575 3819 710 3879 extiterit
729 3817 926 3879 satisfactum.
948 3819 981 3878 Si
1002 3820 1089 3879 aliter
1101 3821 1263 3880 reintraret
1283 3819 1390 3896 aliquis

62 3921 199 4005 ipsorum,
221 3931 403 3991 castellanus
422 3951 477 3992 seu
497 3933 628 3994 vicarius
648 3936 787 3994 teneatur
817 3934 899 4012 ipsos
928 3953 1036 4012 cepere
1068 3938 1099 3994 et
1128 3934 1273 4006 detinere,
1295 3934 1391 3993 donec
1419 3941 1450 3992 25

63 4043 245 4107 satisfaciant
264 4047 347 4107 curie
367 4052 398 4107 et
418 4047 496 4124 parti
516 4049 589 4122 lese,
610 4049 695 4110 salvo
715 4050 742 4108 si
761 4069 780 4108 a
801 4048 881 4109 dicto
902 4048 1135 4111 exbannimento
1165 4049 1258 4110 fuerit
1289 4050 1390 4127 appel-

67 4150 162 4234 latum,
183 4165 215 4220 et
234 4163 267 4220 in
287 4179 378 4221 causa
399 4163 607 4240 appellationis
626 4161 782 4222 obtentum
802 4181 857 4242 pro
876 4171 962 4242 parte
984 4162 1133 4238 diffidati,
1165 4164 1197 4223 in
1228 4182 1287 4240 quo
1318 4181 1391 4222 casu

67 4274 252 4348 appellationi
273 4274 393 4336 deferre
412 4282 559 4336 teneatur.
581 4276 757 4338 Forbanniti
770 4297 843 4340 vero
856 4285 979 4356 propter
992 4279 1184 4338 homicidium
1204 4275 1391 4338 nullomodo

70 4385 208 4449 reintrare
227 4391 352 4467 possint,
375 4391 470 4451 donec
490 4393 522 4451 in
542 4397 637 4452 totum
658 4391 861 4453 satisfecerint
879 4392 1045 4453 secundum
1067 4391 1194 4453 formam
1215 4393 1320 4453 amicti
1350 4394 1392 4452 lo-

72 4505 182 4571 quentis
202 4503 240 4564 de
261 4505 430 4566 homicidio.
451 4507 491 4566 lit
511 4508 537 4566 si
557 4507 779 4580 reintraverint,
793 4507 975 4566 castellanus
987 4525 1041 4568 seu
1054 4508 1186 4569 maanus
1199 4508 1281 4586 ipsos
1294 4507 1393 4586 capiet
1421 4514 1454 4567 30

74 4617 100 4672 tt
117 4619 292 4680 condemnet
312 4621 478 4682 secundum
492 4619 619 4682 formam
633 4623 739 4682 statuti
752 4621 888 4700 predicti.
903 4621 943 4680 Et
956 4626 1061 4683 contra
1073 4621 1224 4700 predictos
1238 4619 1392 4680 diffidatos

76 4733 146 4792 caria
163 4735 258 4812 possit
277 4737 358 4796 omni
379 4735 466 4796 modo
485 4735 657 4815 procedere.

138 4847 176 4904 La
194 4848 322 4906 Mauris.
1304 4863 1318 4920 3
