<?xml version="1.0" encoding="UTF-8"?>
<!DOCTYPE html PUBLIC "-//W3C//DTD XHTML 1.0 Transitional//EN"
    "http://www.w3.org/TR/xhtml1/DTD/xhtml1-transitional.dtd">
<html xmlns="http://www.w3.org/1999/xhtml" xml:lang="en" lang="en">
 <head>
  <title>
</title>
<meta http-equiv="Content-Type" content="text/html;charset=utf-8" />
  <meta name='ocr-system' content='tesseract 3.04.00' />
  <meta name='ocr-capabilities' content='ocr_page ocr_carea ocr_par ocr_line ocrx_word'/>
</head>
<body>
  <div class='ocr_page' id='page_1' title='image "./statutidiolevan00mantgoog_0086.png"; bbox 0 0 3480 5512; ppageno 0'>
   <div class='ocr_carea' id='block_1_1' title="bbox 933 427 1094 492">
    <p class='ocr_par' dir='ltr' id='par_1_1' title="bbox 933 427 1094 492">
     <span class='ocr_line' id='line_1_1' title="bbox 933 427 1094 492; baseline 0 -16"><span class='ocrx_word' id='word_1_1' title='bbox 933 427 1094 492; x_wconf 78' lang='lat'>-42-</span> 
     </span>
    </p>
   </div>
   <div class='ocr_carea' id='block_1_2' title="bbox 299 543 1722 4524">
    <p class='ocr_par' dir='ltr' id='par_1_2' title="bbox 299 543 1670 1422">
     <span class='ocr_line' id='line_1_2' title="bbox 364 543 1669 622; baseline 0 -18"><span class='ocrx_word' id='word_1_2' title='bbox 364 547 410 604; x_wconf 85' lang='grc'><strong>57.</strong></span> <span class='ocrx_word' id='word_1_3' title='bbox 431 543 477 602; x_wconf 91' lang='lat' dir='ltr'><strong>De</strong></span> <span class='ocrx_word' id='word_1_4' title='bbox 496 547 660 616; x_wconf 79' lang='lat' dir='ltr'><strong>sententiis,</strong></span> <span class='ocrx_word' id='word_1_5' title='bbox 682 546 909 602; x_wconf 88' lang='lat' dir='ltr'><strong>executionibns</strong></span> <span class='ocrx_word' id='word_1_6' title='bbox 929 555 959 602; x_wconf 93' lang='lat' dir='ltr'><strong>et</strong></span> <span class='ocrx_word' id='word_1_7' title='bbox 975 548 1100 602; x_wconf 88' lang='lat' dir='ltr'><strong>arbitriis</strong></span> <span class='ocrx_word' id='word_1_8' title='bbox 1158 587 1497 603; x_wconf 91' lang='grc'><strong>.....</strong></span> <span class='ocrx_word' id='word_1_9' title='bbox 1537 550 1611 622; x_wconf 81' lang='lat' dir='ltr'><strong>Pag.</strong></span> <span class='ocrx_word' id='word_1_10' title='bbox 1642 551 1669 604; x_wconf 98' lang='grc'><strong>11</strong></span> 
     </span>
     <span class='ocr_line' id='line_1_3' title="bbox 365 635 1670 705; baseline 0 -13"><span class='ocrx_word' id='word_1_11' title='bbox 365 635 411 694; x_wconf 81' lang='grc'><strong>55.</strong></span> <span class='ocrx_word' id='word_1_12' title='bbox 432 636 478 690; x_wconf 87' lang='lat' dir='ltr'><strong>De</strong></span> <span class='ocrx_word' id='word_1_13' title='bbox 497 636 747 705; x_wconf 89' lang='lat' dir='ltr'><strong>exequutionibus</strong></span> <span class='ocrx_word' id='word_1_14' title='bbox 765 637 949 690; x_wconf 89' lang='lat' dir='ltr'><strong>arbitriorum</strong></span> <span class='ocrx_word' id='word_1_15' title='bbox 968 643 998 690; x_wconf 90' lang='lat' dir='ltr'><strong>et</strong></span> <span class='ocrx_word' id='word_1_16' title='bbox 1016 638 1291 691; x_wconf 87' lang='lat' dir='ltr'><strong>arbitramentorum</strong></span> <span class='ocrx_word' id='word_1_17' title='bbox 1317 678 1323 691; x_wconf 91' lang='lat'><strong>.</strong></span> <span class='ocrx_word' id='word_1_18' title='bbox 1403 679 1409 691; x_wconf 91' lang='lat'><em>.</em></span> <span class='ocrx_word' id='word_1_19' title='bbox 1487 679 1493 693; x_wconf 91' lang='lat'><em>.</em></span> <span class='ocrx_word' id='word_1_20' title='bbox 1562 663 1574 688; x_wconf 82' lang='grc'><strong>»</strong></span> <span class='ocrx_word' id='word_1_21' title='bbox 1637 641 1670 692; x_wconf 83' lang='lat' dir='ltr'><strong>ivi</strong></span> 
     </span>
     <span class='ocr_line' id='line_1_4' title="bbox 366 725 1670 794; baseline -0.001 -11"><span class='ocrx_word' id='word_1_22' title='bbox 366 726 412 783; x_wconf 85' lang='grc'><strong>55.</strong></span> <span class='ocrx_word' id='word_1_23' title='bbox 433 727 479 780; x_wconf 92' lang='lat' dir='ltr'><strong>De</strong></span> <span class='ocrx_word' id='word_1_24' title='bbox 498 726 672 780; x_wconf 86' lang='lat' dir='ltr'><strong>auctoritate</strong></span> <span class='ocrx_word' id='word_1_25' title='bbox 692 725 842 780; x_wconf 83' lang='lat' dir='ltr'><strong>deferendi</strong></span> <span class='ocrx_word' id='word_1_26' title='bbox 858 726 1064 794; x_wconf 91' lang='lat' dir='ltr'><strong>jusiurandum</strong></span> <span class='ocrx_word' id='word_1_27' title='bbox 1070 752 1573 781; x_wconf 83' lang='grc'><strong>.......</strong></span> <span class='ocrx_word' id='word_1_28' title='bbox 1636 731 1670 782; x_wconf 83' lang='grc' dir='ltr'><strong>1νί</strong></span> 
     </span>
     <span class='ocr_line' id='line_1_5' title="bbox 366 813 1670 885; baseline -0.001 -14"><span class='ocrx_word' id='word_1_29' title='bbox 366 815 413 871; x_wconf 94' lang='grc'><strong>45.</strong></span> <span class='ocrx_word' id='word_1_30' title='bbox 434 813 520 879; x_wconf 88' lang='lat' dir='ltr'><strong>Quod</strong></span> <span class='ocrx_word' id='word_1_31' title='bbox 537 815 675 871; x_wconf 88' lang='lat' dir='ltr'><strong>mulieres</strong></span> <span class='ocrx_word' id='word_1_32' title='bbox 693 831 754 868; x_wconf 92' lang='lat' dir='ltr'><strong>non</strong></span> <span class='ocrx_word' id='word_1_33' title='bbox 773 821 919 885; x_wconf 86' lang='lat' dir='ltr'><strong>cogantur</strong></span> <span class='ocrx_word' id='word_1_34' title='bbox 936 816 978 869; x_wconf 89' lang='lat' dir='ltr'><strong>ire</strong></span> <span class='ocrx_word' id='word_1_35' title='bbox 997 815 1035 869; x_wconf 88' lang='lat' dir='ltr'><strong>ad</strong></span> <span class='ocrx_word' id='word_1_36' title='bbox 1054 816 1165 870; x_wconf 86' lang='lat' dir='ltr'><strong>curiam</strong></span> <span class='ocrx_word' id='word_1_37' title='bbox 1242 855 1248 869; x_wconf 92' lang='lat'><strong>.</strong></span> <span class='ocrx_word' id='word_1_38' title='bbox 1325 856 1331 869; x_wconf 90' lang='lat'><strong>.</strong></span> <span class='ocrx_word' id='word_1_39' title='bbox 1408 856 1413 870; x_wconf 95' lang='lat'>.</span> <span class='ocrx_word' id='word_1_40' title='bbox 1492 856 1498 870; x_wconf 91' lang='lat'><strong>.</strong></span> <span class='ocrx_word' id='word_1_41' title='bbox 1564 840 1576 865; x_wconf 82' lang='grc'><strong>»</strong></span> <span class='ocrx_word' id='word_1_42' title='bbox 1642 817 1670 870; x_wconf 85' lang='grc'><strong>12</strong></span> 
     </span>
     <span class='ocr_line' id='line_1_6' title="bbox 366 903 1669 974; baseline 0.001 -14"><span class='ocrx_word' id='word_1_43' title='bbox 366 906 413 960; x_wconf 93' lang='grc'><strong>41.</strong></span> <span class='ocrx_word' id='word_1_44' title='bbox 434 903 566 968; x_wconf 77' lang='lat' dir='ltr'><strong>Qualiter</strong></span> <span class='ocrx_word' id='word_1_45' title='bbox 584 904 761 974; x_wconf 82' lang='lat' dir='ltr'>procedatur</span> <span class='ocrx_word' id='word_1_46' title='bbox 779 905 810 958; x_wconf 93' lang='lat' dir='ltr'><strong>iu</strong></span> <span class='ocrx_word' id='word_1_47' title='bbox 828 904 1029 959; x_wconf 78' lang='lat' dir='ltr'><strong>criminalibus</strong></span> <span class='ocrx_word' id='word_1_48' title='bbox 1070 930 1573 960; x_wconf 84' lang='grc'><strong>.......</strong></span> <span class='ocrx_word' id='word_1_49' title='bbox 1634 911 1669 963; x_wconf 87' lang='lat' dir='ltr'><strong>ivi</strong></span> 
     </span>
     <span class='ocr_line' id='line_1_7' title="bbox 366 994 1668 1064; baseline 0 -14"><span class='ocrx_word' id='word_1_50' title='bbox 366 996 412 1050; x_wconf 96' lang='grc'><strong>42.</strong></span> <span class='ocrx_word' id='word_1_51' title='bbox 433 995 479 1050; x_wconf 92' lang='lat' dir='ltr'><strong>De</strong></span> <span class='ocrx_word' id='word_1_52' title='bbox 498 995 623 1050; x_wconf 88' lang='lat' dir='ltr'><strong>termino</strong></span> <span class='ocrx_word' id='word_1_53' title='bbox 643 994 740 1048; x_wconf 89' lang='lat' dir='ltr'><strong>dando</strong></span> <span class='ocrx_word' id='word_1_54' title='bbox 760 995 915 1063; x_wconf 85' lang='lat' dir='ltr'><strong>accusatis,</strong></span> <span class='ocrx_word' id='word_1_55' title='bbox 938 994 1116 1048; x_wconf 89' lang='lat' dir='ltr'><strong>denuntiatis</strong></span> <span class='ocrx_word' id='word_1_56' title='bbox 1136 995 1183 1049; x_wconf 92' lang='lat' dir='ltr'><strong>vel</strong></span> <span class='ocrx_word' id='word_1_57' title='bbox 1203 995 1350 1064; x_wconf 79' lang='lat' dir='ltr'><strong>inquisitis</strong></span> <span class='ocrx_word' id='word_1_58' title='bbox 1400 1036 1406 1048; x_wconf 92' lang='lat'><strong>.</strong></span> <span class='ocrx_word' id='word_1_59' title='bbox 1485 1038 1491 1050; x_wconf 92' lang='lat'>.</span> <span class='ocrx_word' id='word_1_60' title='bbox 1559 1019 1570 1044; x_wconf 68' lang='lat' dir='ltr'><strong>a</strong></span> <span class='ocrx_word' id='word_1_61' title='bbox 1640 999 1668 1050; x_wconf 89' lang='lat'><strong>13</strong></span> 
     </span>
     <span class='ocr_line' id='line_1_8' title="bbox 366 1082 1667 1153; baseline -0.002 -15"><span class='ocrx_word' id='word_1_62' title='bbox 366 1083 412 1139; x_wconf 81' lang='grc'><strong>45.</strong></span> <span class='ocrx_word' id='word_1_63' title='bbox 433 1083 480 1138; x_wconf 90' lang='lat' dir='ltr'><strong>De</strong></span> <span class='ocrx_word' id='word_1_64' title='bbox 499 1083 592 1153; x_wconf 91' lang='lat' dir='ltr'><strong>copiis</strong></span> <span class='ocrx_word' id='word_1_65' title='bbox 615 1082 720 1136; x_wconf 88' lang='lat' dir='ltr'><strong>dandis</strong></span> <span class='ocrx_word' id='word_1_66' title='bbox 735 1106 1571 1136; x_wconf 78' lang='lat'><strong>...........</strong></span> <span class='ocrx_word' id='word_1_67' title='bbox 1634 1086 1667 1138; x_wconf 83' lang='lat' dir='ltr'><strong>iri</strong></span> 
     </span>
     <span class='ocr_line' id='line_1_9' title="bbox 366 1171 1667 1240; baseline 0.001 -14"><span class='ocrx_word' id='word_1_68' title='bbox 366 1173 412 1226; x_wconf 94' lang='grc'><strong>44.</strong></span> <span class='ocrx_word' id='word_1_69' title='bbox 432 1171 479 1226; x_wconf 90' lang='lat' dir='ltr'><strong>De</strong></span> <span class='ocrx_word' id='word_1_70' title='bbox 498 1171 603 1226; x_wconf 85' lang='lat' dir='ltr'><strong>salario</strong></span> <span class='ocrx_word' id='word_1_71' title='bbox 625 1172 831 1240; x_wconf 88' lang='lat' dir='ltr'><strong>scripturarum</strong></span> <span class='ocrx_word' id='word_1_72' title='bbox 836 1196 1571 1225; x_wconf 77' lang='lat'><strong>..........</strong></span> <span class='ocrx_word' id='word_1_73' title='bbox 1633 1175 1667 1227; x_wconf 91' lang='lat' dir='ltr'><strong>ivi</strong></span> 
     </span>
     <span class='ocr_line' id='line_1_10' title="bbox 365 1259 1668 1329; baseline 0 -13"><span class='ocrx_word' id='word_1_74' title='bbox 365 1261 411 1316; x_wconf 90' lang='grc'><strong>45.</strong></span> <span class='ocrx_word' id='word_1_75' title='bbox 432 1259 479 1315; x_wconf 91' lang='lat' dir='ltr'><strong>De</strong></span> <span class='ocrx_word' id='word_1_76' title='bbox 497 1259 602 1314; x_wconf 88' lang='lat' dir='ltr'><strong>salario</strong></span> <span class='ocrx_word' id='word_1_77' title='bbox 621 1259 863 1329; x_wconf 88' lang='lat' dir='ltr'><strong>interloquutorie</strong></span> <span class='ocrx_word' id='word_1_78' title='bbox 903 1285 1574 1314; x_wconf 84' lang='lat'><strong>.........</strong></span> <span class='ocrx_word' id='word_1_79' title='bbox 1634 1264 1668 1316; x_wconf 90' lang='lat' dir='ltr'><strong>ivi</strong></span> 
     </span>
     <span class='ocr_line' id='line_1_11' title="bbox 299 1347 1670 1422; baseline 0 -18"><span class='ocrx_word' id='word_1_80' title='bbox 299 1417 302 1422; x_wconf 10' lang='lat' dir='ltr'>y</span> <span class='ocrx_word' id='word_1_81' title='bbox 366 1349 411 1404; x_wconf 91' lang='grc'><strong>45.</strong></span> <span class='ocrx_word' id='word_1_82' title='bbox 431 1348 478 1404; x_wconf 88' lang='lat' dir='ltr'><strong>De</strong></span> <span class='ocrx_word' id='word_1_83' title='bbox 497 1348 641 1404; x_wconf 89' lang='lat' dir='ltr'><strong>servando</strong></span> <span class='ocrx_word' id='word_1_84' title='bbox 661 1348 731 1402; x_wconf 92' lang='lat' dir='ltr'><strong>iuris</strong></span> <span class='ocrx_word' id='word_1_85' title='bbox 750 1348 882 1402; x_wconf 82' lang='lat' dir='ltr'><strong>ordinem</strong></span> <span class='ocrx_word' id='word_1_86' title='bbox 903 1349 934 1400; x_wconf 92' lang='lat' dir='ltr'><strong>in</strong></span> <span class='ocrx_word' id='word_1_87' title='bbox 953 1347 1141 1417; x_wconf 88' lang='lat' dir='ltr'><strong>procedendo</strong></span> <span class='ocrx_word' id='word_1_88' title='bbox 1158 1373 1576 1402; x_wconf 84' lang='lat'><strong>......</strong></span> <span class='ocrx_word' id='word_1_89' title='bbox 1641 1351 1670 1404; x_wconf 85' lang='grc'><strong>11</strong></span> 
     </span>
    </p>

    <p class='ocr_par' dir='ltr' id='par_1_3' title="bbox 365 1435 1669 1860">
     <span class='ocr_line' id='line_1_12' title="bbox 367 1435 1668 1508; baseline -0.002 -16"><span class='ocrx_word' id='word_1_90' title='bbox 367 1437 412 1492; x_wconf 89' lang='grc'><strong>47.</strong></span> <span class='ocrx_word' id='word_1_91' title='bbox 433 1437 479 1492; x_wconf 92' lang='lat' dir='ltr'><strong>De</strong></span> <span class='ocrx_word' id='word_1_92' title='bbox 499 1436 745 1506; x_wconf 79' lang='lat' dir='ltr'><strong>appellationibus</strong></span> <span class='ocrx_word' id='word_1_93' title='bbox 766 1435 846 1508; x_wconf 86' lang='lat' dir='ltr'><strong>[non]</strong></span> <span class='ocrx_word' id='word_1_94' title='bbox 868 1436 1065 1505; x_wconf 85' lang='lat' dir='ltr'><strong>impediendis</strong></span> <span class='ocrx_word' id='word_1_95' title='bbox 1636 1441 1641 1452; x_wconf 79' lang='grc'><strong><em>’</em></strong></span> <span class='ocrx_word' id='word_1_96' title='bbox 1663 1441 1668 1452; x_wconf 87' lang='grc'><strong><em>·</em></strong></span> 
     </span>
     <span class='ocr_line' id='line_1_13' title="bbox 365 1525 1669 1594; baseline -0.002 -13"><span class='ocrx_word' id='word_1_97' title='bbox 365 1527 411 1581; x_wconf 90' lang='grc'><strong>45.</strong></span> <span class='ocrx_word' id='word_1_98' title='bbox 431 1526 478 1580; x_wconf 92' lang='lat' dir='ltr'><strong>De</strong></span> <span class='ocrx_word' id='word_1_99' title='bbox 497 1525 693 1580; x_wconf 88' lang='lat' dir='ltr'><strong>reconciliatis</strong></span> <span class='ocrx_word' id='word_1_100' title='bbox 712 1540 771 1578; x_wconf 91' lang='lat' dir='ltr'><strong>non</strong></span> <span class='ocrx_word' id='word_1_101' title='bbox 791 1525 949 1594; x_wconf 86' lang='lat' dir='ltr'><strong>puniendis</strong></span> <span class='ocrx_word' id='word_1_102' title='bbox 986 1550 1572 1579; x_wconf 78' lang='grc'><strong>........</strong></span> <span class='ocrx_word' id='word_1_103' title='bbox 1634 1528 1669 1579; x_wconf 86' lang='lat' dir='ltr'><strong>ivi</strong></span> 
     </span>
     <span class='ocr_line' id='line_1_14' title="bbox 365 1611 1669 1682; baseline 0.001 -13"><span class='ocrx_word' id='word_1_104' title='bbox 365 1614 412 1669; x_wconf 88' lang='grc'><strong>45.</strong></span> <span class='ocrx_word' id='word_1_105' title='bbox 433 1611 518 1677; x_wconf 88' lang='lat' dir='ltr'><strong>Quod</strong></span> <span class='ocrx_word' id='word_1_106' title='bbox 536 1613 714 1668; x_wconf 88' lang='lat' dir='ltr'><strong>castellanus</strong></span> <span class='ocrx_word' id='word_1_107' title='bbox 732 1629 791 1666; x_wconf 90' lang='lat' dir='ltr'><strong>non</strong></span> <span class='ocrx_word' id='word_1_108' title='bbox 812 1619 970 1667; x_wconf 88' lang='lat' dir='ltr'><strong>tormentet</strong></span> <span class='ocrx_word' id='word_1_109' title='bbox 989 1613 1116 1682; x_wconf 80' lang='lat' dir='ltr'><strong>aliquem</strong></span> <span class='ocrx_word' id='word_1_110' title='bbox 1136 1614 1200 1668; x_wconf 87' lang='lat' dir='ltr'><strong>sine</strong></span> <span class='ocrx_word' id='word_1_111' title='bbox 1223 1629 1325 1668; x_wconf 90' lang='lat' dir='ltr'><strong>causa.</strong></span> <span class='ocrx_word' id='word_1_112' title='bbox 1403 1653 1409 1667; x_wconf 91' lang='lat'>.</span> <span class='ocrx_word' id='word_1_113' title='bbox 1486 1654 1493 1667; x_wconf 93' lang='lat'><strong>.</strong></span> <span class='ocrx_word' id='word_1_114' title='bbox 1560 1638 1572 1663; x_wconf 81' lang='lat'><strong>»</strong></span> <span class='ocrx_word' id='word_1_115' title='bbox 1634 1617 1669 1670; x_wconf 87' lang='lat' dir='ltr'><strong>ivi</strong></span> 
     </span>
     <span class='ocr_line' id='line_1_15' title="bbox 367 1702 1669 1770; baseline -0.001 -12"><span class='ocrx_word' id='word_1_116' title='bbox 367 1703 411 1758; x_wconf 95' lang='grc'><strong>55.</strong></span> <span class='ocrx_word' id='word_1_117' title='bbox 433 1702 563 1764; x_wconf 84' lang='lat' dir='ltr'><strong>Qualiter</strong></span> <span class='ocrx_word' id='word_1_118' title='bbox 581 1706 767 1770; x_wconf 87' lang='lat' dir='ltr'><strong>exequantur</strong></span> <span class='ocrx_word' id='word_1_119' title='bbox 785 1702 1048 1756; x_wconf 78' lang='lat' dir='ltr'><strong>condemnationes</strong></span> <span class='ocrx_word' id='word_1_120' title='bbox 1070 1727 1573 1756; x_wconf 84' lang='grc'><strong>.......</strong></span> <span class='ocrx_word' id='word_1_121' title='bbox 1640 1705 1669 1757; x_wconf 83' lang='grc'><strong>15</strong></span> 
     </span>
     <span class='ocr_line' id='line_1_16' title="bbox 368 1790 1492 1860; baseline -0.001 -13"><span class='ocrx_word' id='word_1_122' title='bbox 368 1793 413 1847; x_wconf 90' lang='grc' dir='ltr'><strong>5Ι.</strong></span> <span class='ocrx_word' id='word_1_123' title='bbox 433 1792 479 1844; x_wconf 91' lang='lat' dir='ltr'><strong>De</strong></span> <span class='ocrx_word' id='word_1_124' title='bbox 498 1792 672 1846; x_wconf 88' lang='lat' dir='ltr'><strong>auctoritate</strong></span> <span class='ocrx_word' id='word_1_125' title='bbox 692 1790 843 1844; x_wconf 89' lang='lat' dir='ltr'><strong>creditoris</strong></span> <span class='ocrx_word' id='word_1_126' title='bbox 861 1791 907 1844; x_wconf 89' lang='lat' dir='ltr'><strong>vel</strong></span> <span class='ocrx_word' id='word_1_127' title='bbox 927 1806 1006 1860; x_wconf 90' lang='lat' dir='ltr'><strong>pena</strong></span> <span class='ocrx_word' id='word_1_128' title='bbox 1023 1791 1163 1860; x_wconf 84' lang='lat' dir='ltr'><strong>negantis</strong></span> <span class='ocrx_word' id='word_1_129' title='bbox 1187 1791 1319 1844; x_wconf 84' lang='lat' dir='ltr'><strong>debiturn</strong></span> <span class='ocrx_word' id='word_1_130' title='bbox 1345 1791 1392 1845; x_wconf 88' lang='lat' dir='ltr'><strong>vel</strong></span> <span class='ocrx_word' id='word_1_131' title='bbox 1421 1791 1492 1846; x_wconf 89' lang='lat' dir='ltr'><strong>fide·</strong></span> 
     </span>
    </p>

    <p class='ocr_par' dir='ltr' id='par_1_4' title="bbox 364 1881 1722 4459">
     <span class='ocr_line' id='line_1_17' title="bbox 456 1881 1668 1934; baseline 0.001 -1"><span class='ocrx_word' id='word_1_132' title='bbox 456 1881 616 1934; x_wconf 89' lang='lat' dir='ltr'><strong>iussionem</strong></span> <span class='ocrx_word' id='word_1_133' title='bbox 650 1905 1571 1934; x_wconf 82' lang='grc'><strong>............</strong></span> <span class='ocrx_word' id='word_1_134' title='bbox 1634 1883 1668 1934; x_wconf 84' lang='lat' dir='ltr'><strong>ivi</strong></span> 
     </span>
     <span class='ocr_line' id='line_1_18' title="bbox 368 1969 1668 2040; baseline 0 -15"><span class='ocrx_word' id='word_1_135' title='bbox 368 1971 413 2025; x_wconf 89' lang='grc'><strong>52.</strong></span> <span class='ocrx_word' id='word_1_136' title='bbox 434 1969 518 2033; x_wconf 86' lang='lat' dir='ltr'><strong>Quod</strong></span> <span class='ocrx_word' id='word_1_137' title='bbox 538 1969 715 2023; x_wconf 88' lang='lat' dir='ltr'><strong>castellanus</strong></span> <span class='ocrx_word' id='word_1_138' title='bbox 733 1970 823 2023; x_wconf 86' lang='lat' dir='ltr'><strong>faciat</strong></span> <span class='ocrx_word' id='word_1_139' title='bbox 841 1969 989 2023; x_wconf 88' lang='lat' dir='ltr'><strong>observari</strong></span> <span class='ocrx_word' id='word_1_140' title='bbox 1004 1973 1114 2023; x_wconf 87' lang='lat' dir='ltr'><strong>statuta</strong></span> <span class='ocrx_word' id='word_1_141' title='bbox 1127 1976 1158 2022; x_wconf 89' lang='lat' dir='ltr'><strong>ct</strong></span> <span class='ocrx_word' id='word_1_142' title='bbox 1170 1970 1365 2024; x_wconf 85' lang='lat' dir='ltr'><strong>instrumenta</strong></span> <span class='ocrx_word' id='word_1_143' title='bbox 1377 1969 1498 2040; x_wconf 89' lang='lat' dir='ltr'><strong>publica</strong></span> <span class='ocrx_word' id='word_1_144' title='bbox 1559 1993 1570 2018; x_wconf 82' lang='grc'><strong>»</strong></span> <span class='ocrx_word' id='word_1_145' title='bbox 1634 1972 1668 2024; x_wconf 83' lang='lat' dir='ltr'><strong>ivi</strong></span> 
     </span>
     <span class='ocr_line' id='line_1_19' title="bbox 368 2056 1667 2126; baseline 0 -14"><span class='ocrx_word' id='word_1_146' title='bbox 368 2057 413 2112; x_wconf 82' lang='grc'><strong>55.</strong></span> <span class='ocrx_word' id='word_1_147' title='bbox 434 2058 480 2111; x_wconf 91' lang='lat' dir='ltr'><strong>De</strong></span> <span class='ocrx_word' id='word_1_148' title='bbox 499 2057 730 2111; x_wconf 86' lang='lat' dir='ltr'><strong>fideiussioribus</strong></span> <span class='ocrx_word' id='word_1_149' title='bbox 749 2072 809 2110; x_wconf 91' lang='lat' dir='ltr'><strong>non</strong></span> <span class='ocrx_word' id='word_1_150' title='bbox 828 2056 981 2126; x_wconf 82' lang='lat' dir='ltr'><strong>cogendis,</strong></span> <span class='ocrx_word' id='word_1_151' title='bbox 1003 2073 1063 2110; x_wconf 91' lang='lat' dir='ltr'><strong>non</strong></span> <span class='ocrx_word' id='word_1_152' title='bbox 1084 2057 1220 2111; x_wconf 90' lang='lat' dir='ltr'><strong>obstante</strong></span> <span class='ocrx_word' id='word_1_153' title='bbox 1240 2058 1460 2112; x_wconf 86' lang='lat' dir='ltr'><strong>renuntiatione</strong></span> <span class='ocrx_word' id='word_1_154' title='bbox 1485 2098 1492 2110; x_wconf 91' lang='lat'>.</span> <span class='ocrx_word' id='word_1_155' title='bbox 1559 2081 1570 2106; x_wconf 85' lang='lat'><strong>»</strong></span> <span class='ocrx_word' id='word_1_156' title='bbox 1634 2060 1667 2112; x_wconf 92' lang='lat' dir='ltr'><strong>ivi</strong></span> 
     </span>
     <span class='ocr_line' id='line_1_20' title="bbox 367 2145 1667 2216; baseline -0.002 -14"><span class='ocrx_word' id='word_1_157' title='bbox 367 2147 412 2202; x_wconf 88' lang='grc'><strong>54.</strong></span> <span class='ocrx_word' id='word_1_158' title='bbox 433 2146 480 2200; x_wconf 87' lang='lat' dir='ltr'><strong>De</strong></span> <span class='ocrx_word' id='word_1_159' title='bbox 498 2145 613 2200; x_wconf 89' lang='lat' dir='ltr'><strong>arbitris</strong></span> <span class='ocrx_word' id='word_1_160' title='bbox 632 2146 766 2216; x_wconf 83' lang='lat' dir='ltr'><strong>cogends</strong></span> <span class='ocrx_word' id='word_1_161' title='bbox 817 2185 1491 2200; x_wconf 89' lang='grc'><strong>.........</strong></span> <span class='ocrx_word' id='word_1_162' title='bbox 1560 2168 1572 2195; x_wconf 83' lang='lat'><strong>»</strong></span> <span class='ocrx_word' id='word_1_163' title='bbox 1639 2148 1667 2200; x_wconf 89' lang='grc'><strong>16</strong></span> 
     </span>
     <span class='ocr_line' id='line_1_21' title="bbox 368 2234 1668 2290; baseline -0.003 0"><span class='ocrx_word' id='word_1_164' title='bbox 368 2236 413 2290; x_wconf 90' lang='grc'><strong>55.</strong></span> <span class='ocrx_word' id='word_1_165' title='bbox 436 2235 482 2288; x_wconf 87' lang='lat' dir='ltr'><strong>De</strong></span> <span class='ocrx_word' id='word_1_166' title='bbox 501 2234 627 2288; x_wconf 89' lang='lat' dir='ltr'><strong>arbitriis</strong></span> <span class='ocrx_word' id='word_1_167' title='bbox 646 2234 837 2288; x_wconf 88' lang='lat' dir='ltr'><strong>observandis</strong></span> <span class='ocrx_word' id='word_1_168' title='bbox 1634 2236 1668 2288; x_wconf 88' lang='lat' dir='ltr'><strong>ivi</strong></span> 
     </span>
     <span class='ocr_line' id='line_1_22' title="bbox 367 2322 1666 2394; baseline -0.002 -15"><span class='ocrx_word' id='word_1_169' title='bbox 367 2323 412 2379; x_wconf 90' lang='grc'><strong>55.</strong></span> <span class='ocrx_word' id='word_1_170' title='bbox 432 2323 479 2379; x_wconf 91' lang='lat' dir='ltr'><strong>De</strong></span> <span class='ocrx_word' id='word_1_171' title='bbox 496 2339 575 2394; x_wconf 87' lang='lat' dir='ltr'><strong>pena</strong></span> <span class='ocrx_word' id='word_1_172' title='bbox 592 2323 707 2377; x_wconf 91' lang='lat' dir='ltr'><strong>illorum</strong></span> <span class='ocrx_word' id='word_1_173' title='bbox 726 2323 776 2392; x_wconf 91' lang='lat' dir='ltr'><strong>qui</strong></span> <span class='ocrx_word' id='word_1_174' title='bbox 796 2338 828 2377; x_wconf 91' lang='lat' dir='ltr'><strong>se</strong></span> <span class='ocrx_word' id='word_1_175' title='bbox 844 2323 1034 2392; x_wconf 89' lang='lat' dir='ltr'><strong>opposuerint</strong></span> <span class='ocrx_word' id='word_1_176' title='bbox 1054 2322 1243 2378; x_wconf 88' lang='lat' dir='ltr'><strong>officialibus.</strong></span> <span class='ocrx_word' id='word_1_177' title='bbox 1320 2364 1326 2376; x_wconf 93' lang='lat'>.</span> <span class='ocrx_word' id='word_1_178' title='bbox 1404 2363 1410 2376; x_wconf 93' lang='lat'>.</span> <span class='ocrx_word' id='word_1_179' title='bbox 1487 2364 1493 2376; x_wconf 94' lang='lat'><strong>.</strong></span> <span class='ocrx_word' id='word_1_180' title='bbox 1560 2347 1571 2372; x_wconf 83' lang='lat'><strong>»</strong></span> <span class='ocrx_word' id='word_1_181' title='bbox 1633 2325 1666 2376; x_wconf 87' lang='lat' dir='ltr'><strong>ivi</strong></span> 
     </span>
     <span class='ocr_line' id='line_1_23' title="bbox 367 2410 1722 2480; baseline -0.002 -13"><span class='ocrx_word' id='word_1_182' title='bbox 367 2412 411 2467; x_wconf 90' lang='grc'><strong>57.</strong></span> <span class='ocrx_word' id='word_1_183' title='bbox 433 2411 479 2466; x_wconf 91' lang='lat' dir='ltr'><strong>De</strong></span> <span class='ocrx_word' id='word_1_184' title='bbox 497 2426 576 2480; x_wconf 91' lang='lat' dir='ltr'><strong>pena</strong></span> <span class='ocrx_word' id='word_1_185' title='bbox 593 2411 752 2464; x_wconf 84' lang='lat' dir='ltr'><strong>iurantium</strong></span> <span class='ocrx_word' id='word_1_186' title='bbox 771 2410 872 2480; x_wconf 88' lang='lat' dir='ltr'><strong>paleas</strong></span> <span class='ocrx_word' id='word_1_187' title='bbox 902 2434 1570 2464; x_wconf 83' lang='lat'><strong>.........</strong></span> <span class='ocrx_word' id='word_1_188' title='bbox 1633 2413 1668 2464; x_wconf 84' lang='lat' dir='ltr'><strong>ivi</strong></span> <span class='ocrx_word' id='word_1_189' title='bbox 1721 2463 1722 2472; x_wconf 66' lang='grc'>,</span> 
     </span>
     <span class='ocr_line' id='line_1_24' title="bbox 368 2485 1722 2569; baseline -0.003 -13"><span class='ocrx_word' id='word_1_190' title='bbox 368 2500 413 2556; x_wconf 87' lang='grc'><strong>55.</strong></span> <span class='ocrx_word' id='word_1_191' title='bbox 433 2499 481 2555; x_wconf 90' lang='lat' dir='ltr'><strong>De</strong></span> <span class='ocrx_word' id='word_1_192' title='bbox 499 2499 583 2569; x_wconf 90' lang='lat' dir='ltr'><strong>penis</strong></span> <span class='ocrx_word' id='word_1_193' title='bbox 602 2499 746 2553; x_wconf 89' lang='lat' dir='ltr'><strong>minorum</strong></span> <span class='ocrx_word' id='word_1_194' title='bbox 796 2523 1569 2552; x_wconf 85' lang='grc'><strong>...........</strong></span> <span class='ocrx_word' id='word_1_195' title='bbox 1633 2501 1669 2552; x_wconf 87' lang='lat' dir='ltr'><strong>ivi</strong></span> <span class='ocrx_word' id='word_1_196' title='bbox 1721 2485 1722 2488; x_wconf 24' lang='lat'>¹</span> 
     </span>
     <span class='ocr_line' id='line_1_25' title="bbox 367 2587 1668 2647; baseline -0.002 -3"><span class='ocrx_word' id='word_1_197' title='bbox 367 2588 412 2644; x_wconf 89' lang='grc'><strong>55.</strong></span> <span class='ocrx_word' id='word_1_198' title='bbox 433 2588 479 2642; x_wconf 88' lang='lat' dir='ltr'><strong>De</strong></span> <span class='ocrx_word' id='word_1_199' title='bbox 498 2587 647 2642; x_wconf 86' lang='lat' dir='ltr'><strong>salvandis</strong></span> <span class='ocrx_word' id='word_1_200' title='bbox 666 2588 783 2642; x_wconf 88' lang='lat' dir='ltr'><strong>dotibus</strong></span> <span class='ocrx_word' id='word_1_201' title='bbox 802 2588 963 2647; x_wconf 79' lang='lat' dir='ltr'><strong>mulierum</strong></span> <span class='ocrx_word' id='word_1_202' title='bbox 987 2611 1572 2642; x_wconf 81' lang='lat'><strong>........</strong></span> <span class='ocrx_word' id='word_1_203' title='bbox 1638 2589 1668 2641; x_wconf 84' lang='grc'><strong>11</strong></span> 
     </span>
     <span class='ocr_line' id='line_1_26' title="bbox 368 2677 1670 2748; baseline 0.001 -16"><span class='ocrx_word' id='word_1_204' title='bbox 368 2677 412 2732; x_wconf 91' lang='grc'><strong>55.</strong></span> <span class='ocrx_word' id='word_1_205' title='bbox 433 2677 479 2732; x_wconf 90' lang='lat' dir='ltr'><strong>De</strong></span> <span class='ocrx_word' id='word_1_206' title='bbox 499 2678 681 2748; x_wconf 81' lang='lat' dir='ltr'><strong>corrigendis</strong></span> <span class='ocrx_word' id='word_1_207' title='bbox 701 2677 852 2748; x_wconf 89' lang='lat' dir='ltr'><strong>discipulis</strong></span> <span class='ocrx_word' id='word_1_208' title='bbox 870 2678 933 2732; x_wconf 89' lang='lat' dir='ltr'><strong>sine</strong></span> <span class='ocrx_word' id='word_1_209' title='bbox 953 2693 1032 2748; x_wconf 87' lang='lat' dir='ltr'><strong>pena</strong></span> <span class='ocrx_word' id='word_1_210' title='bbox 1069 2702 1571 2732; x_wconf 82' lang='lat'><strong>.......</strong></span> <span class='ocrx_word' id='word_1_211' title='bbox 1634 2680 1670 2732; x_wconf 88' lang='lat' dir='ltr'><strong>ivi</strong></span> 
     </span>
     <span class='ocr_line' id='line_1_27' title="bbox 367 2764 1670 2821; baseline 0 -2"><span class='ocrx_word' id='word_1_212' title='bbox 367 2764 412 2819; x_wconf 91' lang='grc'><strong>51.</strong></span> <span class='ocrx_word' id='word_1_213' title='bbox 432 2765 479 2820; x_wconf 94' lang='lat' dir='ltr'><strong>De</strong></span> <span class='ocrx_word' id='word_1_214' title='bbox 498 2767 669 2820; x_wconf 82' lang='lat' dir='ltr'><strong>excessibus</strong></span> <span class='ocrx_word' id='word_1_215' title='bbox 689 2767 851 2820; x_wconf 91' lang='lat' dir='ltr'><strong>commissis</strong></span> <span class='ocrx_word' id='word_1_216' title='bbox 870 2766 998 2821; x_wconf 90' lang='lat' dir='ltr'><strong>ludendo</strong></span> <span class='ocrx_word' id='word_1_217' title='bbox 1634 2768 1670 2820; x_wconf 85' lang='lat' dir='ltr'><strong>ivi</strong></span> 
     </span>
     <span class='ocr_line' id='line_1_28' title="bbox 368 2843 1721 2924; baseline -0.001 -16"><span class='ocrx_word' id='word_1_218' title='bbox 368 2853 412 2908; x_wconf 87' lang='grc'><strong>52.</strong></span> <span class='ocrx_word' id='word_1_219' title='bbox 434 2852 519 2916; x_wconf 86' lang='lat' dir='ltr'><strong>Quod</strong></span> <span class='ocrx_word' id='word_1_220' title='bbox 530 2870 592 2908; x_wconf 91' lang='lat' dir='ltr'><strong>non</strong></span> <span class='ocrx_word' id='word_1_221' title='bbox 610 2855 787 2923; x_wconf 89' lang='lat' dir='ltr'><strong>procedatur</strong></span> <span class='ocrx_word' id='word_1_222' title='bbox 795 2870 849 2924; x_wconf 91' lang='lat' dir='ltr'><strong>per</strong></span> <span class='ocrx_word' id='word_1_223' title='bbox 859 2855 1089 2924; x_wconf 89' lang='lat' dir='ltr'><strong>inquisitionem,</strong></span> <span class='ocrx_word' id='word_1_224' title='bbox 1100 2855 1157 2908; x_wconf 90' lang='lat' dir='ltr'><strong>nisi</strong></span> <span class='ocrx_word' id='word_1_225' title='bbox 1166 2856 1197 2908; x_wconf 93' lang='lat' dir='ltr'><strong>in</strong></span> <span class='ocrx_word' id='word_1_226' title='bbox 1211 2856 1328 2909; x_wconf 89' lang='lat' dir='ltr'><strong>casibus</strong></span> <span class='ocrx_word' id='word_1_227' title='bbox 1342 2856 1493 2910; x_wconf 86' lang='lat' dir='ltr'><strong>concessis</strong></span> <span class='ocrx_word' id='word_1_228' title='bbox 1559 2877 1571 2904; x_wconf 69' lang='lat' dir='ltr'>a</span> <span class='ocrx_word' id='word_1_229' title='bbox 1635 2855 1670 2906; x_wconf 86' lang='lat' dir='ltr'><strong>ivi</strong></span> <span class='ocrx_word' id='word_1_230' title='bbox 1720 2843 1721 2870; x_wconf 48' lang='lat' dir='ltr'><strong>l</strong></span> 
     </span>
     <span class='ocr_line' id='line_1_29' title="bbox 367 2940 1721 3002; baseline 0.004 -5"><span class='ocrx_word' id='word_1_231' title='bbox 367 2941 412 2997; x_wconf 83' lang='grc'><strong>55.</strong></span> <span class='ocrx_word' id='word_1_232' title='bbox 432 2940 478 2995; x_wconf 90' lang='lat' dir='ltr'><strong>De</strong></span> <span class='ocrx_word' id='word_1_233' title='bbox 496 2942 671 2996; x_wconf 81' lang='lat' dir='ltr'><strong>forbannitis</strong></span> <span class='ocrx_word' id='word_1_234' title='bbox 690 2947 720 2996; x_wconf 93' lang='lat' dir='ltr'><strong>et</strong></span> <span class='ocrx_word' id='word_1_235' title='bbox 738 2942 875 2998; x_wconf 90' lang='lat' dir='ltr'><strong>diffidatis</strong></span> <span class='ocrx_word' id='word_1_236' title='bbox 902 2966 1570 2999; x_wconf 84' lang='lat'><strong>.........</strong></span> <span class='ocrx_word' id='word_1_237' title='bbox 1636 2944 1670 2996; x_wconf 85' lang='lat' dir='ltr'><strong>ivi</strong></span> <span class='ocrx_word' id='word_1_238' title='bbox 1720 2975 1721 3002; x_wconf 65' lang='lat' dir='ltr'><strong>r</strong></span> 
     </span>
     <span class='ocr_line' id='line_1_30' title="bbox 367 3029 1670 3086; baseline -0.002 0"><span class='ocrx_word' id='word_1_239' title='bbox 367 3029 411 3086; x_wconf 93' lang='grc'><strong>54.</strong></span> <span class='ocrx_word' id='word_1_240' title='bbox 432 3031 479 3085; x_wconf 93' lang='lat' dir='ltr'><strong>De</strong></span> <span class='ocrx_word' id='word_1_241' title='bbox 497 3032 595 3086; x_wconf 87' lang='lat' dir='ltr'><strong>verbis</strong></span> <span class='ocrx_word' id='word_1_242' title='bbox 614 3033 760 3086; x_wconf 87' lang='lat' dir='ltr'><strong>iniuriosis</strong></span> <span class='ocrx_word' id='word_1_243' title='bbox 1643 3031 1670 3084; x_wconf 83' lang='lat'><strong>18</strong></span> 
     </span>
     <span class='ocr_line' id='line_1_31' title="bbox 367 3119 1671 3191; baseline 0 -17"><span class='ocrx_word' id='word_1_244' title='bbox 367 3119 411 3175; x_wconf 91' lang='grc'><strong>55.</strong></span> <span class='ocrx_word' id='word_1_245' title='bbox 433 3119 479 3175; x_wconf 92' lang='lat' dir='ltr'><strong>De</strong></span> <span class='ocrx_word' id='word_1_246' title='bbox 498 3121 680 3191; x_wconf 87' lang='lat' dir='ltr'><strong>improperiis</strong></span> <span class='ocrx_word' id='word_1_247' title='bbox 736 3161 1491 3178; x_wconf 86' lang='grc'><strong>..........</strong></span> <span class='ocrx_word' id='word_1_248' title='bbox 1560 3143 1572 3170; x_wconf 68' lang='lat' dir='ltr'><strong>s</strong></span> <span class='ocrx_word' id='word_1_249' title='bbox 1637 3121 1671 3174; x_wconf 82' lang='lat' dir='ltr'><strong>iri</strong></span> 
     </span>
     <span class='ocr_line' id='line_1_32' title="bbox 367 3208 1672 3280; baseline -0.002 -16"><span class='ocrx_word' id='word_1_250' title='bbox 367 3208 411 3264; x_wconf 93' lang='grc'><strong>55.</strong></span> <span class='ocrx_word' id='word_1_251' title='bbox 432 3209 478 3265; x_wconf 91' lang='lat' dir='ltr'><strong>De</strong></span> <span class='ocrx_word' id='word_1_252' title='bbox 497 3226 576 3280; x_wconf 91' lang='lat' dir='ltr'><strong>pena</strong></span> <span class='ocrx_word' id='word_1_253' title='bbox 594 3211 807 3280; x_wconf 90' lang='lat' dir='ltr'><strong>impellentium</strong></span> <span class='ocrx_word' id='word_1_254' title='bbox 826 3211 954 3280; x_wconf 87' lang='lat' dir='ltr'><strong>aliquem</strong></span> <span class='ocrx_word' id='word_1_255' title='bbox 983 3235 1572 3265; x_wconf 84' lang='lat'><strong>........</strong></span> <span class='ocrx_word' id='word_1_256' title='bbox 1637 3211 1672 3263; x_wconf 86' lang='lat' dir='ltr'><strong>iri</strong></span> 
     </span>
     <span class='ocr_line' id='line_1_33' title="bbox 366 3297 1571 3370; baseline -0.002 -18"><span class='ocrx_word' id='word_1_257' title='bbox 366 3297 411 3354; x_wconf 93' lang='grc'><strong>57.</strong></span> <span class='ocrx_word' id='word_1_258' title='bbox 433 3299 479 3354; x_wconf 94' lang='lat' dir='ltr'><strong>De</strong></span> <span class='ocrx_word' id='word_1_259' title='bbox 497 3301 730 3369; x_wconf 86' lang='lat' dir='ltr'><strong>percutientibus</strong></span> <span class='ocrx_word' id='word_1_260' title='bbox 749 3300 881 3370; x_wconf 86' lang='lat' dir='ltr'><strong>aliquem</strong></span> <span class='ocrx_word' id='word_1_261' title='bbox 896 3316 986 3354; x_wconf 92' lang='lat' dir='ltr'><strong>manu</strong></span> <span class='ocrx_word' id='word_1_262' title='bbox 1004 3315 1100 3354; x_wconf 87' lang='lat' dir='ltr'><strong>vacua</strong></span> <span class='ocrx_word' id='word_1_263' title='bbox 1150 3323 1571 3356; x_wconf 86' lang='grc'><strong>......</strong></span> 
     </span>
     <span class='ocr_line' id='line_1_34' title="bbox 366 3385 1570 3458; baseline -0.003 -18"><span class='ocrx_word' id='word_1_264' title='bbox 366 3385 412 3441; x_wconf 87' lang='grc'><strong>55.</strong></span> <span class='ocrx_word' id='word_1_265' title='bbox 433 3386 479 3442; x_wconf 91' lang='lat' dir='ltr'><strong>De</strong></span> <span class='ocrx_word' id='word_1_266' title='bbox 497 3389 730 3456; x_wconf 86' lang='lat' dir='ltr'><strong>percutientibus</strong></span> <span class='ocrx_word' id='word_1_267' title='bbox 748 3389 780 3442; x_wconf 91' lang='lat' dir='ltr'><strong>in</strong></span> <span class='ocrx_word' id='word_1_268' title='bbox 799 3389 857 3443; x_wconf 90' lang='lat' dir='ltr'><strong>alia</strong></span> <span class='ocrx_word' id='word_1_269' title='bbox 875 3393 957 3458; x_wconf 91' lang='lat' dir='ltr'><strong>parte</strong></span> <span class='ocrx_word' id='word_1_270' title='bbox 977 3389 1105 3457; x_wconf 90' lang='lat' dir='ltr'><strong>corporis</strong></span> <span class='ocrx_word' id='word_1_271' title='bbox 1146 3411 1570 3442; x_wconf 81' lang='lat'><strong>......</strong></span> 
     </span>
     <span class='ocr_line' id='line_1_35' title="bbox 365 3473 1674 3544; baseline -0.002 -16"><span class='ocrx_word' id='word_1_272' title='bbox 365 3473 411 3529; x_wconf 89' lang='grc'><strong>55.</strong></span> <span class='ocrx_word' id='word_1_273' title='bbox 431 3474 477 3529; x_wconf 91' lang='lat' dir='ltr'><strong>De</strong></span> <span class='ocrx_word' id='word_1_274' title='bbox 495 3491 574 3544; x_wconf 89' lang='lat' dir='ltr'><strong>pena</strong></span> <span class='ocrx_word' id='word_1_275' title='bbox 593 3476 809 3530; x_wconf 88' lang='lat' dir='ltr'><strong>extrahentium</strong></span> <span class='ocrx_word' id='word_1_276' title='bbox 830 3492 911 3530; x_wconf 90' lang='lat' dir='ltr'><strong>arma</strong></span> <span class='ocrx_word' id='word_1_277' title='bbox 929 3476 992 3530; x_wconf 90' lang='lat' dir='ltr'><strong>sine</strong></span> <span class='ocrx_word' id='word_1_278' title='bbox 1012 3476 1201 3544; x_wconf 85' lang='lat' dir='ltr'><strong>percussione</strong></span> <span class='ocrx_word' id='word_1_279' title='bbox 1231 3516 1236 3528; x_wconf 94' lang='lat'><em>.</em></span> <span class='ocrx_word' id='word_1_280' title='bbox 1314 3517 1320 3529; x_wconf 92' lang='lat'><em>.</em></span> <span class='ocrx_word' id='word_1_281' title='bbox 1397 3515 1403 3529; x_wconf 93' lang='lat'><strong>.</strong></span> <span class='ocrx_word' id='word_1_282' title='bbox 1481 3517 1487 3530; x_wconf 93' lang='lat'><strong><em>.</em></strong></span> <span class='ocrx_word' id='word_1_283' title='bbox 1557 3499 1569 3524; x_wconf 65' lang='lat' dir='ltr'><strong>s</strong></span> <span class='ocrx_word' id='word_1_284' title='bbox 1638 3477 1674 3528; x_wconf 83' lang='lat' dir='ltr'><strong>ivr</strong></span> 
     </span>
     <span class='ocr_line' id='line_1_36' title="bbox 365 3561 1674 3635; baseline -0.001 -18"><span class='ocrx_word' id='word_1_285' title='bbox 365 3561 410 3617; x_wconf 94' lang='grc'><strong>75.</strong></span> <span class='ocrx_word' id='word_1_286' title='bbox 431 3561 477 3617; x_wconf 90' lang='lat' dir='ltr'><strong>De</strong></span> <span class='ocrx_word' id='word_1_287' title='bbox 495 3579 574 3634; x_wconf 91' lang='lat' dir='ltr'><strong>pena</strong></span> <span class='ocrx_word' id='word_1_288' title='bbox 592 3566 817 3635; x_wconf 90' lang='lat' dir='ltr'><strong>percutientium</strong></span> <span class='ocrx_word' id='word_1_289' title='bbox 837 3581 904 3620; x_wconf 90' lang='lat' dir='ltr'><strong>cum</strong></span> <span class='ocrx_word' id='word_1_290' title='bbox 923 3566 1029 3620; x_wconf 86' lang='lat' dir='ltr'><strong>baculo</strong></span> <span class='ocrx_word' id='word_1_291' title='bbox 1063 3603 1485 3619; x_wconf 91' lang='grc'><strong>......</strong></span> <span class='ocrx_word' id='word_1_292' title='bbox 1556 3587 1568 3614; x_wconf 67' lang='lat' dir='ltr'><strong>s</strong></span> <span class='ocrx_word' id='word_1_293' title='bbox 1646 3563 1674 3616; x_wconf 86' lang='lat'><strong>19</strong></span> 
     </span>
     <span class='ocr_line' id='line_1_37' title="bbox 366 3651 1675 3723; baseline -0.001 -17"><span class='ocrx_word' id='word_1_294' title='bbox 366 3651 410 3706; x_wconf 96' lang='grc' dir='ltr'><strong>7Ι.</strong></span> <span class='ocrx_word' id='word_1_295' title='bbox 431 3651 477 3706; x_wconf 92' lang='lat' dir='ltr'><strong>De</strong></span> <span class='ocrx_word' id='word_1_296' title='bbox 495 3668 574 3722; x_wconf 89' lang='lat' dir='ltr'><strong>pena</strong></span> <span class='ocrx_word' id='word_1_297' title='bbox 591 3655 818 3723; x_wconf 87' lang='lat' dir='ltr'><strong>percutientium</strong></span> <span class='ocrx_word' id='word_1_298' title='bbox 837 3670 904 3708; x_wconf 91' lang='lat' dir='ltr'><strong>cum</strong></span> <span class='ocrx_word' id='word_1_299' title='bbox 924 3656 1010 3709; x_wconf 89' lang='lat' dir='ltr'><strong>armis</strong></span> <span class='ocrx_word' id='word_1_300' title='bbox 1067 3677 1572 3708; x_wconf 85' lang='lat'><strong>.......</strong></span> <span class='ocrx_word' id='word_1_301' title='bbox 1639 3653 1675 3705; x_wconf 89' lang='lat' dir='ltr'><strong>ivi</strong></span> 
     </span>
     <span class='ocr_line' id='line_1_38' title="bbox 366 3739 1719 3818; baseline 0 -24"><span class='ocrx_word' id='word_1_302' title='bbox 366 3739 412 3794; x_wconf 87' lang='grc'><strong>72.</strong></span> <span class='ocrx_word' id='word_1_303' title='bbox 433 3740 478 3794; x_wconf 92' lang='lat' dir='ltr'><strong>De</strong></span> <span class='ocrx_word' id='word_1_304' title='bbox 496 3743 730 3812; x_wconf 90' lang='lat' dir='ltr'><strong>percutientibus</strong></span> <span class='ocrx_word' id='word_1_305' title='bbox 748 3759 814 3797; x_wconf 90' lang='lat' dir='ltr'><strong>cum</strong></span> <span class='ocrx_word' id='word_1_306' title='bbox 834 3745 922 3798; x_wconf 86' lang='lat' dir='ltr'><strong>armis</strong></span> <span class='ocrx_word' id='word_1_307' title='bbox 940 3744 971 3798; x_wconf 93' lang='lat' dir='ltr'><strong>in</strong></span> <span class='ocrx_word' id='word_1_308' title='bbox 990 3745 1069 3798; x_wconf 83' lang='lat' dir='ltr'><strong>facie</strong></span> <span class='ocrx_word' id='word_1_309' title='bbox 1640 3742 1675 3794; x_wconf 81' lang='lat' dir='ltr'><strong>ivi</strong></span> <span class='ocrx_word' id='word_1_310' title='bbox 1718 3811 1719 3818; x_wconf 8' lang='grc' dir='ltr'>ἵ</span> 
     </span>
     <span class='ocr_line' id='line_1_39' title="bbox 366 3829 1675 3901; baseline -0.005 -13"><span class='ocrx_word' id='word_1_311' title='bbox 366 3832 411 3888; x_wconf 83' lang='grc'><strong>75.</strong></span> <span class='ocrx_word' id='word_1_312' title='bbox 432 3831 478 3887; x_wconf 92' lang='lat' dir='ltr'><strong>De</strong></span> <span class='ocrx_word' id='word_1_313' title='bbox 497 3847 575 3901; x_wconf 91' lang='lat' dir='ltr'><strong>pena</strong></span> <span class='ocrx_word' id='word_1_314' title='bbox 592 3832 743 3885; x_wconf 88' lang='lat' dir='ltr'><strong>homicidii</strong></span> <span class='ocrx_word' id='word_1_315' title='bbox 1639 3829 1675 3882; x_wconf 84' lang='lat' dir='ltr'><strong>in&#39;</strong></span> 
     </span>
     <span class='ocr_line' id='line_1_40' title="bbox 366 3920 1675 3991; baseline -0.002 -15"><span class='ocrx_word' id='word_1_316' title='bbox 366 3922 411 3976; x_wconf 92' lang='grc'><strong>74.</strong></span> <span class='ocrx_word' id='word_1_317' title='bbox 432 3921 478 3976; x_wconf 95' lang='lat' dir='ltr'><strong>De</strong></span> <span class='ocrx_word' id='word_1_318' title='bbox 497 3936 576 3990; x_wconf 87' lang='lat' dir='ltr'><strong>pena</strong></span> <span class='ocrx_word' id='word_1_319' title='bbox 593 3921 766 3991; x_wconf 90' lang='lat' dir='ltr'><strong>proditionis</strong></span> <span class='ocrx_word' id='word_1_320' title='bbox 784 3926 814 3975; x_wconf 88' lang='lat' dir='ltr'><strong>et</strong></span> <span class='ocrx_word' id='word_1_321' title='bbox 833 3923 961 3976; x_wconf 89' lang='lat' dir='ltr'><strong>incendii</strong></span> <span class='ocrx_word' id='word_1_322' title='bbox 984 3944 1569 3976; x_wconf 80' lang='lat'><strong>........</strong></span> <span class='ocrx_word' id='word_1_323' title='bbox 1643 3920 1675 3974; x_wconf 78' lang='lat'><strong>20</strong></span> 
     </span>
     <span class='ocr_line' id='line_1_41' title="bbox 366 4009 1675 4079; baseline -0.002 -14"><span class='ocrx_word' id='word_1_324' title='bbox 366 4010 411 4065; x_wconf 91' lang='grc'><strong>75.</strong></span> <span class='ocrx_word' id='word_1_325' title='bbox 431 4010 477 4064; x_wconf 89' lang='lat' dir='ltr'><strong>De</strong></span> <span class='ocrx_word' id='word_1_326' title='bbox 496 4025 574 4079; x_wconf 89' lang='lat' dir='ltr'><strong>pena</strong></span> <span class='ocrx_word' id='word_1_327' title='bbox 592 4010 783 4064; x_wconf 85' lang='lat' dir='ltr'><strong>mutilationis</strong></span> <span class='ocrx_word' id='word_1_328' title='bbox 802 4012 998 4065; x_wconf 86' lang='lat' dir='ltr'><strong>membrorum</strong></span> <span class='ocrx_word' id='word_1_329' title='bbox 1641 4009 1675 4062; x_wconf 82' lang='lat' dir='ltr'><strong>ivi</strong></span> 
     </span>
     <span class='ocr_line' id='line_1_42' title="bbox 366 4097 1676 4168; baseline -0.004 -15"><span class='ocrx_word' id='word_1_330' title='bbox 366 4097 411 4153; x_wconf 96' lang='grc'><strong>75.</strong></span> <span class='ocrx_word' id='word_1_331' title='bbox 432 4097 474 4152; x_wconf 91' lang='lat' dir='ltr'><strong>De</strong></span> <span class='ocrx_word' id='word_1_332' title='bbox 491 4113 570 4168; x_wconf 90' lang='lat' dir='ltr'><strong>pena</strong></span> <span class='ocrx_word' id='word_1_333' title='bbox 587 4097 715 4152; x_wconf 86' lang='lat' dir='ltr'><strong>insultus</strong></span> <span class='ocrx_word' id='word_1_334' title='bbox 732 4134 1488 4152; x_wconf 91' lang='grc'><strong>..........</strong></span> <span class='ocrx_word' id='word_1_335' title='bbox 1641 4097 1676 4149; x_wconf 77' lang='lat' dir='ltr'><strong>in·</strong></span> 
     </span>
     <span class='ocr_line' id='line_1_43' title="bbox 366 4185 1675 4257; baseline -0.005 -13"><span class='ocrx_word' id='word_1_336' title='bbox 366 4188 410 4244; x_wconf 96' lang='grc'><strong>77.</strong></span> <span class='ocrx_word' id='word_1_337' title='bbox 431 4187 477 4242; x_wconf 90' lang='lat' dir='ltr'><strong>De</strong></span> <span class='ocrx_word' id='word_1_338' title='bbox 496 4188 669 4242; x_wconf 84' lang='lat' dir='ltr'><strong>excessibus</strong></span> <span class='ocrx_word' id='word_1_339' title='bbox 688 4188 851 4242; x_wconf 90' lang='lat' dir='ltr'><strong>commissis</strong></span> <span class='ocrx_word' id='word_1_340' title='bbox 869 4188 900 4240; x_wconf 92' lang='lat' dir='ltr'><strong>in</strong></span> <span class='ocrx_word' id='word_1_341' title='bbox 918 4202 991 4257; x_wconf 86' lang='lat' dir='ltr'><strong>agro</strong></span> <span class='ocrx_word' id='word_1_342' title='bbox 1009 4186 1057 4240; x_wconf 88' lang='lat' dir='ltr'><strong>vel</strong></span> <span class='ocrx_word' id='word_1_343' title='bbox 1075 4187 1107 4239; x_wconf 91' lang='lat' dir='ltr'><strong>in</strong></span> <span class='ocrx_word' id='word_1_344' title='bbox 1124 4186 1213 4239; x_wconf 89' lang='lat' dir='ltr'><strong>domo</strong></span> <span class='ocrx_word' id='word_1_345' title='bbox 1233 4185 1336 4240; x_wconf 83' lang='lat' dir='ltr'><strong>offensi</strong></span> <span class='ocrx_word' id='word_1_346' title='bbox 1398 4226 1404 4238; x_wconf 93' lang='lat'>.</span> <span class='ocrx_word' id='word_1_347' title='bbox 1481 4226 1487 4238; x_wconf 94' lang='lat'>.</span> <span class='ocrx_word' id='word_1_348' title='bbox 1560 4209 1573 4235; x_wconf 62' lang='lat' dir='ltr'><strong>s</strong></span> <span class='ocrx_word' id='word_1_349' title='bbox 1646 4185 1675 4238; x_wconf 84' lang='grc'><strong>21</strong></span> 
     </span>
     <span class='ocr_line' id='line_1_44' title="bbox 364 4275 1718 4332; baseline -0.004 -2"><span class='ocrx_word' id='word_1_350' title='bbox 364 4277 410 4332; x_wconf 92' lang='grc'><strong>75.</strong></span> <span class='ocrx_word' id='word_1_351' title='bbox 430 4276 476 4330; x_wconf 90' lang='lat' dir='ltr'><strong>De</strong></span> <span class='ocrx_word' id='word_1_352' title='bbox 497 4277 669 4330; x_wconf 86' lang='lat' dir='ltr'><strong>excessibus</strong></span> <span class='ocrx_word' id='word_1_353' title='bbox 689 4277 852 4331; x_wconf 89' lang='lat' dir='ltr'><strong>commissis</strong></span> <span class='ocrx_word' id='word_1_354' title='bbox 871 4276 908 4331; x_wconf 93' lang='lat' dir='ltr'><strong>ad</strong></span> <span class='ocrx_word' id='word_1_355' title='bbox 928 4276 1130 4330; x_wconf 78' lang='lat' dir='ltr'><strong>defensionem</strong></span> <span class='ocrx_word' id='word_1_356' title='bbox 1150 4299 1572 4330; x_wconf 77' lang='lat'><strong>......</strong></span> <span class='ocrx_word' id='word_1_357' title='bbox 1641 4275 1678 4328; x_wconf 79' lang='lat' dir='ltr'><strong>in·</strong></span> <span class='ocrx_word' id='word_1_358' title='bbox 1717 4305 1718 4310; x_wconf 22' lang='grc' dir='ltr'><strong>κ</strong></span> 
     </span>
     <span class='ocr_line' id='line_1_45' title="bbox 365 4363 1486 4420; baseline -0.002 -1"><span class='ocrx_word' id='word_1_359' title='bbox 365 4363 410 4419; x_wconf 87' lang='grc'><strong>75.</strong></span> <span class='ocrx_word' id='word_1_360' title='bbox 432 4364 477 4418; x_wconf 91' lang='lat' dir='ltr'><strong>De</strong></span> <span class='ocrx_word' id='word_1_361' title='bbox 496 4365 668 4419; x_wconf 89' lang='lat' dir='ltr'><strong>excessibus</strong></span> <span class='ocrx_word' id='word_1_362' title='bbox 687 4366 850 4420; x_wconf 89' lang='lat' dir='ltr'><strong>commissis</strong></span> <span class='ocrx_word' id='word_1_363' title='bbox 869 4371 972 4419; x_wconf 89' lang='lat' dir='ltr'><strong>contra</strong></span> <span class='ocrx_word' id='word_1_364' title='bbox 990 4363 1124 4418; x_wconf 88' lang='lat' dir='ltr'><strong>offitiales</strong></span> <span class='ocrx_word' id='word_1_365' title='bbox 1141 4363 1189 4418; x_wconf 88' lang='lat' dir='ltr'><strong>vel</strong></span> <span class='ocrx_word' id='word_1_366' title='bbox 1219 4365 1250 4418; x_wconf 92' lang='lat' dir='ltr'><strong>in</strong></span> <span class='ocrx_word' id='word_1_367' title='bbox 1279 4365 1360 4419; x_wconf 89' lang='lat' dir='ltr'><strong>curia</strong></span> <span class='ocrx_word' id='word_1_368' title='bbox 1377 4364 1426 4418; x_wconf 88' lang='lat' dir='ltr'><strong>vel</strong></span> <span class='ocrx_word' id='word_1_369' title='bbox 1455 4365 1486 4416; x_wconf 89' lang='lat' dir='ltr'><strong>in</strong></span> 
     </span>
    </p>

    <p class='ocr_par' dir='ltr' id='par_1_5' title="bbox 453 4449 1677 4524">
     <span class='ocr_line' id='line_1_46' title="bbox 453 4449 1677 4524; baseline 0.002 -18"><span class='ocrx_word' id='word_1_370' title='bbox 453 4454 536 4508; x_wconf 86' lang='lat' dir='ltr'><strong>festis</strong></span> <span class='ocrx_word' id='word_1_371' title='bbox 554 4454 765 4524; x_wconf 87' lang='lat' dir='ltr'><strong>principalibus</strong></span> <span class='ocrx_word' id='word_1_372' title='bbox 818 4475 1572 4507; x_wconf 81' lang='grc'><strong>..........</strong></span> <span class='ocrx_word' id='word_1_373' title='bbox 1641 4449 1677 4503; x_wconf 81' lang='lat' dir='ltr'><strong>ivi</strong></span> 
     </span>
    </p>
   </div>
   <div class='ocr_carea' id='block_1_3' title="bbox 363 4537 1677 4788">
    <p class='ocr_par' dir='ltr' id='par_1_6' title="bbox 363 4537 1677 4788">
     <span class='ocr_line' id='line_1_47' title="bbox 364 4537 1677 4610; baseline -0.005 -13"><span class='ocrx_word' id='word_1_374' title='bbox 364 4540 409 4597; x_wconf 88' lang='grc'><strong>55.</strong></span> <span class='ocrx_word' id='word_1_375' title='bbox 429 4541 475 4596; x_wconf 90' lang='lat' dir='ltr'><strong>De</strong></span> <span class='ocrx_word' id='word_1_376' title='bbox 493 4556 572 4610; x_wconf 87' lang='lat' dir='ltr'><strong>pena</strong></span> <span class='ocrx_word' id='word_1_377' title='bbox 590 4557 735 4597; x_wconf 88' lang='lat' dir='ltr'><strong>armorum</strong></span> <span class='ocrx_word' id='word_1_378' title='bbox 1641 4537 1677 4592; x_wconf 82' lang='lat' dir='ltr'><strong>iri</strong></span> 
     </span>
     <span class='ocr_line' id='line_1_48' title="bbox 364 4627 1676 4700; baseline -0.005 -15"><span class='ocrx_word' id='word_1_379' title='bbox 364 4631 409 4686; x_wconf 90' lang='grc'><strong>51.</strong></span> <span class='ocrx_word' id='word_1_380' title='bbox 429 4629 476 4685; x_wconf 91' lang='lat' dir='ltr'><strong>De</strong></span> <span class='ocrx_word' id='word_1_381' title='bbox 494 4631 638 4700; x_wconf 88' lang='lat' dir='ltr'><strong>suspectis</strong></span> <span class='ocrx_word' id='word_1_382' title='bbox 651 4651 1570 4684; x_wconf 83' lang='grc'><strong>............</strong></span> <span class='ocrx_word' id='word_1_383' title='bbox 1639 4627 1676 4680; x_wconf 85' lang='lat' dir='ltr'><strong>iri</strong></span> 
     </span>
     <span class='ocr_line' id='line_1_49' title="bbox 363 4713 1675 4788; baseline -0.005 -14"><span class='ocrx_word' id='word_1_384' title='bbox 363 4717 408 4774; x_wconf 88' lang='grc'><strong>52.</strong></span> <span class='ocrx_word' id='word_1_385' title='bbox 428 4717 474 4773; x_wconf 90' lang='lat' dir='ltr'><strong>De</strong></span> <span class='ocrx_word' id='word_1_386' title='bbox 492 4733 571 4788; x_wconf 87' lang='lat' dir='ltr'><strong>pena</strong></span> <span class='ocrx_word' id='word_1_387' title='bbox 590 4718 773 4774; x_wconf 80' lang='lat' dir='ltr'><strong>exfortiantis</strong></span> <span class='ocrx_word' id='word_1_388' title='bbox 791 4717 929 4777; x_wconf 83' lang='lat' dir='ltr'><strong>mulieres</strong></span> <span class='ocrx_word' id='word_1_389' title='bbox 982 4756 1489 4772; x_wconf 89' lang='grc'><strong>.......</strong></span> <span class='ocrx_word' id='word_1_390' title='bbox 1558 4739 1571 4766; x_wconf 82' lang='lat'><strong>»</strong></span> <span class='ocrx_word' id='word_1_391' title='bbox 1643 4713 1675 4768; x_wconf 78' lang='grc'><strong>21</strong></span> 
     </span>
    </p>
   </div>
   <div class='ocr_carea' id='block_1_4' title="bbox 0 0 1745 5512">
    <p class='ocr_par' dir='ltr' id='par_1_7' title="bbox 0 0 1745 5512">
     <span class='ocr_line' id='line_1_50' title="bbox 0 0 1745 5512; baseline 0 0"><span class='ocrx_word' id='word_1_392' title='bbox 0 0 1745 5512; x_wconf 95' lang='lat' dir='ltr'><strong> </strong></span> 
     </span>
    </p>
   </div>
  </div>
 </body>
</html>
