3464 5508
654 415 813 474 431..

22 523 51 582 id
71 531 184 585 sancta
206 528 275 586 Dei
301 530 472 607 evangelia
491 549 596 590 eorum
616 529 742 589 offitium
762 530 901 607 legaliter
923 547 1074 588 exercere.
1105 528 1146 587 Et
1176 527 1253 587 nulli
1284 527 1335 586 alii
1368 547 1386 586 a

19 641 100 700 lictis
122 643 332 705 custodibus
357 648 446 706 liceat
466 647 504 706 de
525 647 670 724 predictis
690 665 840 706 accusare.

91 817 263 881 GXVIH.
290 825 356 883 De
378 822 581 883 auctoritate
601 820 808 883 balivorum.

89 988 179 1049 Item
203 991 305 1067 quod
330 991 424 1053 balivi
442 995 559 1070 possint
578 994 734 1073 precipere
755 992 843 1052 dictis
873 991 1047 1052 custodibus
1078 991 1193 1052 eisdem
1222 993 1385 1070 assignatis

12 1106 93 1164 omni
115 1104 171 1164 die
195 1107 297 1182 quod
324 1129 402 1168 unus
422 1110 553 1186 ipsorum
575 1128 644 1168 cum
664 1111 707 1168 eis
721 1128 776 1186 per
790 1107 964 1181 custodiam,
979 1109 1028 1168 vel
1043 1109 1133 1168 etiam
1146 1109 1211 1168 sine
1226 1108 1269 1166 eis
1282 1107 1383 1181 vadet,
1418 1120 1430 1173 5

11 1225 41 1277 et
61 1220 195 1294 quando
220 1223 411 1300 expedierit
431 1226 521 1283 etiem
542 1224 580 1283 de
601 1228 697 1297 nocte,
718 1228 807 1301 prout
827 1225 870 1282 eis
891 1221 1043 1283 videbitur
1063 1223 1103 1282 ad
1123 1243 1231 1301 penam
1255 1222 1284 1282 V
1316 1222 1386 1281 soli-

13 1335 132 1410 dorum,
158 1342 195 1396 et
220 1359 243 1398 a
267 1339 512 1400 contrafaciente
534 1343 657 1419 exigere
678 1360 731 1417 pro
752 1338 837 1400 libito
858 1341 1032 1401 voluntatis.

96 1513 233 1575 CXIX.
259 1518 324 1577 De
345 1534 433 1593 pena
455 1515 648 1578 balivorum
671 1521 703 1577 et
725 1518 908 1578 custodum
929 1519 1097 1579 damnum
1119 1517 1284 1579 dantium.

96 1680 187 1740 Item
213 1685 313 1759 quod
334 1685 360 1743 si
381 1684 454 1744 dicti
471 1682 562 1744 balivi
583 1689 614 1744 at
643 1685 783 1744 custodes
813 1685 957 1745 damnum
987 1684 1106 1762 aliquod
1138 1684 1277 1746 dederint
1309 1685 1382 1746 dum

20 1793 139 1854 vadunt
163 1798 385 1858 custodiendo
406 1799 556 1858 territoria
576 1799 719 1876 predidta,
741 1799 791 1858 vel
811 1799 963 1858 licentiam
984 1800 1114 1875 aliquam
1135 1799 1274 1859 dederint
1290 1800 1384 1860 delin·
1420 1823 1452 1862 ro

21 1911 145 1986 quendi,
170 1917 360 1992 puniantur
379 1917 411 1973 in
430 1915 555 1993 duplum
575 1935 665 1991 quam
686 1915 744 1988 alii,
766 1918 797 1973 et
817 1915 1009 1975 nihilominus
1029 1917 1172 1993 puniatur
1202 1915 1381 1992 delinquens

22 2031 51 2084 et
72 2026 237 2089 damnum
262 2030 453 2104 emendetur,
475 2036 506 2090 et
526 2031 694 2091 omnimodo
714 2031 903 2109 procedatur.

106 2205 220 2269 CXX.
247 2213 307 2271 De
329 2209 371 2272 iis
393 2209 451 2286 qui
473 2211 641 2271 damnum
662 2208 817 2270 dederint
838 2209 873 2270 in
894 2207 1003 2270 vineis
1023 2213 1057 2270 et
1077 2207 1154 2270 aliis
1175 2208 1271 2270 locis.

108 2376 199 2438 Item
224 2380 360 2457 quodsi
380 2381 447 2457 quis
468 2379 507 2440 de
529 2381 608 2440 dicto
629 2385 727 2440 castre
748 2380 891 2439 damnum
922 2379 1040 2440 dederit
1070 2380 1102 2438 in
1133 2380 1249 2453 vineis,
1281 2379 1385 2452 hortis,

30 2495 206 2570 canapinis,
233 2495 337 2556 bladis
357 2502 388 2557 et
407 2498 439 2555 in
460 2495 698 2572 quibuscumque
718 2497 791 2555 locis
812 2503 842 2554 et
862 2493 954 2554 rebus
974 2495 1250 2572 quodomocumque
1271 2502 1302 2554 et
1315 2515 1387 2571 qua·
1420 2524 1448 2575 ¹5

33 2601 257 2688 litcrcumque,
280 2614 306 2671 si
326 2632 381 2690 per
400 2612 555 2672 custodem
575 2613 705 2688 aliquem
725 2613 867 2673 inventus
887 2610 987 2686 fuerit,
1018 2613 1161 2690 puniatur
1192 2613 1223 2670 in
1254 2613 1386 2688 quinque

36 2721 140 2785 solidis
162 2735 199 2788 et
223 2729 372 2788 damnum
392 2729 539 2788 emendet.
561 2729 646 2788 Etsi
668 2729 706 2788 de
727 2734 813 2789 nocte
835 2730 942 2805 aliquis
964 2728 1106 2788 damnum
1121 2728 1238 2787 dederit
1253 2727 1303 2787 vel
1316 2747 1387 2804 qua-

39 2835 261 2920 litercumque,
284 2845 334 2904 vel
353 2863 422 2904 cum
442 2843 546 2904 bestiis
567 2845 617 2904 vel
636 2847 701 2904 sine
722 2843 843 2918 bestiis,
870 2864 989 2922 semper
1019 2843 1078 2902 sibi
1109 2843 1279 2920 duplicetur
1308 2863 1387 2921 pena

43 2968 131 3024 quarn
152 2961 327 3018 sustineret
347 2958 385 3017 de
406 2958 464 3018 die.
486 2959 526 3017 Et
545 2979 670 3036 presens
691 2959 854 3036 capitulum
868 2960 1056 3036 intelligatur
1076 2959 1106 3016 in
1128 2957 1266 3018 omnibus
1285 2962 1315 3018 et
1328 2960 1388 3018 sin·

44 3067 123 3139 gulis
145 3071 275 3134 damnis
296 3073 383 3147 datis,
405 3077 436 3132 et
457 3092 576 3151 semper
597 3073 741 3132 damnum
761 3073 948 3134 emendetur.
1419 3094 1453 3133 20

123 3246 251 3310 CXXI.
273 3252 327 3311 De
346 3267 435 3327 pena
456 3249 689 3314 acassantium
708 3253 860 3325 tendam,
884 3253 1036 3326 cupellos
1058 3255 1090 3311 et
1111 3247 1261 3310 arnaria.

125 3415 211 3478 Item
233 3421 286 3495 qui
306 3421 512 3497 capellarium,
534 3420 658 3479 tendam
677 3440 731 3480 sen
753 3422 905 3479 emerium
925 3422 1105 3482 scassaverit
1119 3426 1150 3480 et
1164 3422 1195 3478 in
1210 3421 1254 3479 eis
1268 3416 1389 3495 aliquod

53 3526 198 3594 damnum
220 3535 347 3608 dederit,
369 3537 511 3612 puniatur
530 3537 562 3594 in
585 3536 709 3614 duplum
729 3557 818 3612 quam
838 3538 864 3595 si
884 3538 916 3595 in
938 3537 1003 3595 aliis
1018 3537 1091 3595 locis
1106 3535 1249 3595 damnum
1261 3533 1387 3606 dederit,

50 3645 132 3706 salvo
154 3652 183 3709 si
204 3651 339 3728 cupellos
359 3650 591 3727 degsastaverit,
613 3652 663 3712 vel
683 3651 721 3710 de
741 3652 833 3712 tenda
852 3653 903 3713 vel
923 3652 961 3711 de
988 3653 1105 3711 arnario
1137 3651 1258 3726 aliquod
1279 3648 1390 3709 animal

54 3768 197 3839 rapuerit,
218 3767 251 3825 in
272 3764 381 3843 quibus
402 3766 521 3826 casibus
542 3768 685 3846 puniatur
706 3767 745 3826 de
766 3766 855 3826 iurto.
1418 3782 1449 3834 25

133 3941 270 4002 CXXII.
292 3942 344 4002 De
366 3959 454 4017 pena
474 3944 642 4004 damnum
664 3941 821 4004 dantium
843 3960 924 4004 curn
944 3945 1065 4004 bobus.

138 4110 220 4170 Item
241 4110 293 4186 qui
313 4129 383 4169 cum
404 4109 500 4171 bobus
520 4113 552 4169 in
573 4109 723 4188 aliquibus
743 4112 817 4172 locis
849 4111 991 4171 damnum
1024 4109 1146 4186 aliquod
1177 4109 1311 4184 dederit,
1343 4110 1393 4170 vel

61 4237 112 4293 per
127 4224 285 4285 custodem
299 4227 471 4288 inveniatur
484 4229 516 4286 in
531 4227 630 4302 aliquo
652 4227 725 4300 loco,
748 4229 799 4303 qui
820 4231 959 4286 teneatur
974 4226 1012 4284 ad
1026 4224 1159 4284 bannum
1174 4224 1212 4284 de
1226 4224 1390 4301 afuginosa,

62 4336 154 4399 solvat
174 4345 320 4418 patronus
340 4361 394 4418 pre
415 4340 550 4417 quolibet
570 4340 647 4403 bova
668 4342 807 4402 denarios
828 4341 905 4401 1111.
919 4343 1020 4402 Boves
1034 4359 1106 4401 vero
1120 4339 1329 4415 intelligantur
1339 4339 1391 4413 qui

62 4449 171 4516 habent
192 4476 306 4516 annum
327 4457 491 4535 expletum.
513 4458 574 4517 Pro
596 4458 662 4517 aliis
682 4478 755 4518 vero
776 4477 838 4517 non
857 4461 997 4516 teneatur
1016 4455 1056 4513 ad
1077 4453 1229 4528 bannum,
1260 4453 1316 4512 sed
1345 4472 1392 4512 so-
1423 4474 1457 4528 30

65 4563 121 4628 hun
142 4573 285 4631 damnum
307 4572 456 4633 emendet.
479 4573 513 4632 Si
534 4592 605 4633 vero
626 4575 707 4650 ipsos
730 4571 906 4632 custodierit
927 4572 958 4629 in
979 4571 1079 4646 aliquo
1099 4567 1210 4643 blado,
1233 4570 1322 4629 vinea
1342 4568 1392 4628 vel

64 4677 143 4746 torto
162 4687 214 4748 vel
236 4706 424 4764 quocumque
445 4689 502 4747 alio
524 4689 587 4748 loco
608 4687 688 4746 unde
710 4686 844 4746 bannum
865 4687 927 4763 peti
947 4686 1060 4762 possit,
1090 4688 1122 4742 et
1151 4702 1206 4760 per
1236 4681 1391 4741 custodem
