3464 5508
902 445 935 456 ..
960 413 980 472 6
1001 447 1038 460 ..

303 519 463 576 teneantur
482 517 609 578 reddere
630 520 752 598 aliquid.
773 523 874 586 Salvis
894 527 1017 606 insuper
1047 532 1286 608 possessionibus
1309 535 1520 598 Ecclesiamm
1546 544 1585 597 et
1606 559 1657 598 no

305 629 418 708 biliam,
441 631 480 694 de
500 633 609 712 quibus
628 635 737 698 reddat
756 637 800 698 illi
820 641 906 702 cuius
926 646 999 703 sont
1017 647 1224 723 possessiones
1244 652 1274 709 et
1294 671 1356 710 non
1377 651 1474 714 (turio.

384 811 472 872 XVI.
498 812 599 893 Quod
629 813 762 877 domini
791 822 975 881 teneantur
1004 823 1088 883 dare
1117 828 1229 887 terras
1260 829 1305 888 ad
1336 829 1589 890 laborandum
1615 831 1663 890 ad

305 933 475 1004 quartam

264 1117 273 1168 5
387 1101 466 1162 Item
486 1101 566 1178 quod
588 1101 660 1162 dicti
681 1103 794 1163 domini
824 1109 985 1167 teneantur
1011 1107 1083 1168 dore
1103 1109 1144 1170 ad
1174 1109 1377 1174 laborandum
1407 1135 1513 1175 omnes
1555 1120 1670 1175 terras

305 1217 523 1278 territoriorum
543 1223 574 1277 et
594 1218 826 1280 tenimentorum
848 1219 969 1280 Olibani
989 1226 1020 1284 et
1038 1224 1210 1286 Belvedere
1229 1247 1283 1288 seu
1305 1229 1420 1289 Pueani
1440 1231 1480 1292 ad
1505 1237 1670 1308 quartam

305 1332 475 1394 bominibus
496 1333 534 1394 de
555 1333 699 1408 Olebano,
721 1337 856 1416 exceptis
876 1337 1067 1400 manualibus
1088 1342 1179 1416 curie,
1201 1345 1252 1420 qui
1272 1345 1312 1404 ad
1333 1365 1441 1407 manus
1462 1349 1529 1409 eius
1557 1348 1671 1410 libere

304 1455 505 1512 reserventur.
526 1451 566 1512 Et
587 1451 774 1530 intelligatur
797 1451 834 1514 de
855 1453 1045 1516 manualibus
1065 1459 1237 1536 antiquatis.

385 1630 492 1692 XVII.
514 1632 567 1693 De
589 1628 740 1693 calcaria
762 1632 876 1695 flenda
895 1650 957 1711 per
976 1635 1106 1713 pedites
1128 1638 1224 1701 omni
1244 1639 1405 1704 triennio.

246 1821 278 1860 ro
386 1803 466 1864 Item
487 1803 567 1880 quod
588 1803 661 1864 dicti
685 1805 803 1885 pedites
834 1805 972 1867 omnibus
1003 1807 1100 1868 tn'bus
1130 1809 1226 1884 annis,
1258 1829 1313 1870 seu
1344 1811 1480 1888 quolibet
1504 1816 1666 1888 triennio,

309 1923 470 1980 teneantur
489 1918 590 1982 facere
611 1921 769 1982 calcariam
789 1942 889 1996 unam,
912 1942 970 1999 que
990 1925 1093 1986 veniat
1112 1923 1151 1984 ad
1172 1924 1313 1986 effectum
1339 1926 1527 1988 decoctionis
1550 1949 1666 2004 usque

306 2037 345 2098 ad
366 2037 488 2112 calcem,
513 2037 652 2099 omnibus
674 2058 777 2100 eorum
797 2038 975 2118 sumptibus,
1008 2040 1148 2120 operibus
1169 2047 1199 2102 et
1219 2044 1370 2120 expensis,
1403 2045 1490 2104 cuius
1518 2046 1664 2105 calcaria

307 2153 389 2216 losse
408 2156 448 2216 su
468 2175 546 2234 cupa
567 2155 605 2218 de
626 2157 692 2216 XX
711 2158 820 2236 palmis
841 2163 872 2218 et
891 2157 978 2236 larga
998 2158 1103 2218 decem
1123 2167 1154 2220 et
1174 2167 1250 2220 octo.
1272 2160 1338 2233 Quo
1359 2161 1490 2221 calcaria
1507 2180 1664 2222 consum-

306 2276 386 2332 mata
407 2275 438 2334 et
457 2271 593 2352 perfecta
622 2277 653 2334 et
684 2274 808 2335 decocto
837 2273 877 2334 ad
907 2276 1067 2336 utilitatem
1099 2279 1130 2336 et
1157 2275 1348 2337 commodum
1369 2280 1401 2337 et
1421 2280 1661 2356 reparationem

247 2399 275 2454 ยน5
306 2387 396 2450 Curta
417 2393 447 2450 et
467 2410 622 2450 murorum
643 2389 715 2451 dicti
735 2392 825 2452 castri
846 2393 894 2452 sit.

386 2569 510 2630 XVIII.
532 2572 585 2630 De
608 2570 811 2634 auctoritate
833 2568 1001 2632 vendendi
1022 2568 1261 2648 plantationes.

387 2742 466 2802 Item
487 2741 567 2820 quod
589 2742 660 2801 dicti
680 2742 817 2802 homines
837 2742 953 2821 possint
973 2741 1106 2803 vendere
1121 2761 1155 2801 eo
1170 2740 1259 2801 modo
1281 2760 1340 2818 quo
1360 2746 1492 2818 possunt
1512 2745 1659 2804 vendere

307 2866 338 2920 et
358 2859 488 2920 alienare
510 2858 622 2932 domos,
645 2878 747 2919 omnes
768 2859 968 2937 plantationes
988 2864 1051 2918 tam
1072 2857 1212 2918 arborum
1232 2877 1322 2934 quam
1343 2859 1504 2918 vinearum
1524 2865 1562 2920 et
1582 2863 1657 2920 insi-

306 2977 443 3050 tationes,
466 2995 523 3054 que
545 2977 588 3036 eis
608 2977 709 3036 essent
728 2975 824 3035 locate
847 2995 901 3053 per
915 2976 1037 3034 curiam.
1052 2975 1092 3033 Et
1106 2973 1144 3034 de
1157 2975 1230 3052 ipsis
1245 2976 1328 3033 curia
1341 2976 1490 3053 percipiat
1504 2982 1656 3052 quartam

246 3107 280 3148 20
307 3095 385 3154 sicut
406 3093 444 3154 de
466 3092 523 3153 alio
544 3091 700 3152 laborario.

388 3273 480 3333 XIX.
502 3273 555 3332 De
576 3268 738 3346 operibus
758 3267 952 3345 prestantis
973 3268 1076 3332 Curis
1096 3271 1141 3331 ad
1162 3267 1331 3331 deumios.

389 3445 469 3504 Item
489 3441 569 3520 quod
589 3443 616 3502 si
635 3442 719 3501 curia
739 3441 831 3502 vellet
850 3440 950 3500 facere
964 3439 1085 3518 aliquod
1099 3460 1174 3518 opus
1188 3441 1220 3498 in
1234 3439 1314 3499 dicto
1328 3444 1426 3500 cestro
1440 3440 1489 3499 vel
1504 3441 1578 3501 eius
1593 3447 1655 3502 ter-

309 3562 420 3636 ritorio,
444 3562 500 3639 ipsi
521 3558 638 3639 pedites
658 3562 819 3618 teneantur
849 3561 983 3634 prestare
1004 3577 1110 3635 operes
1130 3561 1161 3617 et
1180 3557 1326 3634 resipiant
1355 3559 1400 3615 tot
1428 3554 1574 3616 denarios
1597 3580 1656 3636 pro

310 3681 376 3757 ipsa
397 3695 487 3757 opera
507 3681 580 3753 quot
600 3673 638 3733 ab
659 3675 717 3734 alio
737 3675 908 3735 invenirent
928 3694 982 3751 pro
1003 3674 1055 3734 illa
1075 3675 1200 3734 iornata.
1221 3673 1261 3732 Et
1281 3675 1313 3732 iu
1331 3673 1406 3750 ipsis
1420 3671 1564 3750 operibus
1584 3697 1656 3753 pre-

249 3812 280 3866 25
310 3795 433 3868 standis,
459 3795 542 3855 curia
573 3792 639 3850 aliis
668 3789 846 3869 preferatur.
877 3789 918 3847 Et
937 3789 963 3848 si
983 3790 1091 3866 aliquis
1110 3792 1246 3866 prestare
1276 3786 1414 3860 noluerit,
1445 3787 1597 3864 puniatur
1622 3791 1654 3848 in

311 3916 427 3971 tantum
449 3912 594 3986 quantum
615 3905 695 3964 dicta
716 3923 806 3982 opera
826 3904 948 3976 valeret,
971 3905 1029 3962 nisi
1048 3905 1158 3962 iustam
1175 3901 1300 3961 haberet
1313 3920 1464 3974 excusam,
1480 3919 1574 3978 super
1591 3923 1654 3979 quo

311 4036 422 4107 puncto
443 4029 469 4087 si
490 4023 615 4085 dubium
636 4024 771 4094 oriretur,
794 4025 890 4080 stetur
910 4020 1019 4079 iudicio
1050 4017 1318 4079 commestabilium
1339 4018 1411 4076 dicti
1439 4018 1538 4090 castri,
1558 4020 1653 4080 salvo

311 4147 337 4205 si
358 4151 518 4222 antequam
539 4145 697 4202 vocaretur
718 4162 736 4199 a
756 4137 847 4198 Ouria
867 4139 994 4197 locasset
1015 4138 1101 4198 alteri
1125 4157 1231 4214 operas
1251 4155 1330 4195 suas.
1351 4135 1392 4193 Et
1412 4135 1451 4194 de
1471 4134 1528 4194 hoc
1546 4137 1653 4193 stetur

312 4265 499 4322 sacramento
520 4259 622 4335 ipsius,
645 4261 675 4316 et
694 4259 833 4315 teneatur
854 4255 936 4312 ouria
967 4253 1083 4314 solvere
1103 4255 1162 4312 illis
1193 4271 1247 4332 pro
1279 4269 1368 4328 opera
1388 4251 1420 4308 in
1440 4268 1516 4308 sero.
1545 4248 1587 4306 Et
1609 4249 1649 4308 de

254 4387 285 4439 30
312 4375 483 4436 hominibus
502 4374 646 4452 predictis
666 4393 727 4432 non,
757 4371 945 4446 intelligatur
975 4372 1033 4430 nisi
1054 4370 1091 4429 de
1112 4370 1171 4428 illis
1202 4373 1319 4428 tantum
1340 4368 1390 4442 qui
1409 4365 1448 4424 ad
1473 4383 1578 4442 operas
1601 4367 1646 4422 ire

314 4498 543 4553 consueverunt.
565 4491 605 4549 Et
625 4492 651 4549 si
671 4493 703 4548 in
722 4509 789 4549 sero
810 4490 927 4549 solvere
957 4493 1118 4561 recusaret,
1150 4486 1230 4563 quod
1251 4505 1312 4544 non
1338 4487 1499 4542 teneantur
1519 4481 1645 4544 ulterius

315 4611 387 4670 dare
408 4629 523 4686 operas.
