3464 5508
945 461 981 472 ..
1006 427 1044 486 18
1063 461 1102 475 .-

435 605 551 666 LXIV.
572 607 626 667 De
646 603 761 668 verbis
782 601 966 667 iniuriosIs.

435 781 513 840 Ibem
534 781 713 858 quicumque
734 778 845 838 dixerit
865 777 953 837 alicui
974 774 1068 838 verba
1087 777 1239 850 iniuriosa,
1259 775 1401 838 videlicet
1418 777 1568 848 homicida,
1588 776 1660 844 latro,

356 897 413 970 sur,
435 896 609 970 revallosue,
630 899 769 974 puctaua,
792 893 936 964 mentiris,
958 897 989 953 et
1008 891 1056 952 his
1076 893 1192 966 similia,
1214 894 1246 952 in
1267 892 1371 954 decem
1391 893 1492 954 solidos
1513 895 1583 954 vice
1603 912 1662 968 qua·

356 1015 424 1074 dam
445 1013 595 1092 puniatur,
617 1013 682 1072 sive
702 1031 795 1070 uuum
815 1007 942 1070 verbum
964 1007 1083 1084 dixerit,
1103 1009 1168 1070 eive
1187 1009 1283 1087 plura.

314 1205 326 1260 5
435 1193 533 1256 LXV.
555 1194 610 1255 Da
629 1188 856 1268 improperiis.

434 1364 513 1424 Item
535 1363 713 1440 quicumque
734 1359 956 1438 improperavit,
971 1359 1021 1420 vel
1035 1358 1074 1418 ad
1088 1361 1260 1419 memoriam
1276 1357 1432 1419 reduxerit
1444 1360 1524 1419 alicui
1534 1359 1665 1418 iniuriam

354 1481 412 1541 sibi
433 1481 555 1552 illatam,
568 1479 632 1537 eius
652 1477 739 1555 patri,
761 1476 857 1548 matri,
876 1473 972 1546 fratri,
988 1477 1090 1549 sorori,
1106 1477 1154 1536 vel
1169 1478 1270 1554 nepoti
1284 1479 1407 1552 carnali,
1423 1483 1518 1556 utpote
1530 1479 1569 1537 ‹le
1583 1475 1666 1554 patris

354 1593 514 1656 homicidio
535 1595 584 1656 vel
605 1593 709 1652 matris
729 1591 779 1652 vel
801 1591 900 1667 aliqua
921 1594 1016 1651 morte
1037 1593 1117 1670 turpi
1137 1592 1185 1653 vel
1207 1594 1316 1652 iniuria
1337 1595 1444 1670 gravi,
1470 1595 1499 1652 in
1516 1594 1543 1652 X
1564 1591 1667 1651 solidos

354 1715 420 1772 vice
441 1709 574 1788 qualibet
594 1711 745 1788 puniatur.

295 1887 328 1928 ¹⁰
436 1886 552 1946 LXVI.
576 1887 629 1946 De
648 1901 737 1960 pena
759 1881 1010 1958 impellentium
1030 1881 1191 1959 aliquem.

435 2058 513 2118 Item
534 2059 559 2116 si
580 2059 647 2134 quis
667 2057 797 2132 aliquem
818 2057 893 2115 irato
914 2057 1012 2116 animo
1033 2057 1194 2136 impulerit,
1215 2058 1242 2117 si
1262 2076 1331 2117 eum
1351 2057 1462 2119 cadere
1482 2057 1577 2119 secent
1597 2055 1664 2115 inX
1716 2100 1717 2136 ,

352 2174 463 2234 solidos
482 2175 632 2252 puniatur,
654 2175 679 2233 si
700 2192 772 2234 vero
793 2172 900 2232 cadere
921 2191 990 2232 eum
1010 2193 1071 2232 non
1091 2170 1198 2233 fecerit
1217 2174 1360 2251 puniatur
1380 2175 1411 2234 in
1434 2174 1463 2235 V
1482 2175 1591 2235 solidos.

432 2351 566 2411 LXVII.
586 2353 640 2411 De
660 2348 928 2426 percutientibus
949 2349 1100 2426 aliquem
1121 2367 1229 2412 manu
1249 2367 1370 2412 vacua.

431 2520 511 2580 Item
531 2521 557 2580 si
578 2520 686 2596 aliquis
706 2520 836 2595 aliquem
856 2537 924 2578 cum
945 2539 1048 2597 pugno
1069 2522 1251 2598 percusserit
1268 2521 1423 2583 infaciem
1444 2543 1511 2584 cum
1525 2521 1661 2599 sanguine,
1716 2561 1717 2596 r

293 2657 323 2709 15
351 2638 493 2714 puniatur
512 2638 543 2694 in
564 2635 623 2694 XL
643 2634 763 2708 aolidoe,
785 2636 850 2694 siue
870 2637 1019 2710 sauguine
1040 2637 1071 2694 in
1092 2636 1166 2710 XX,
1189 2641 1219 2696 et
1239 2641 1379 2697 teneatur
1405 2639 1531 2698 similem
1558 2651 1659 2716 percus·
1716 2677 1717 2712 3

351 2755 465 2814 sionem
486 2752 619 2830 recipere
640 2773 658 2810 a
678 2771 828 2830 percusso,
850 2772 939 2828 quam
960 2754 986 2811 si
1000 2751 1170 2814 substinere
1184 2753 1323 2828 noluerit,
1340 2755 1510 2833 duplicetur
1522 2754 1574 2814 sibi
1587 2768 1661 2831 pena,

352 2871 410 2928 nisi
431 2887 591 2945 percussus
612 2866 669 2927 sibi
697 2869 791 2945 gratis
822 2869 979 2927 remiserit.
1007 2867 1073 2940 Qua
1103 2871 1227 2929 remissa
1258 2889 1312 2948 per
1343 2889 1526 2948 percussum,
1546 2891 1599 2930 uon
1618 2865 1659 2924 du·

351 2985 479 3062 plicetur
499 3003 587 3060 pena.
609 2983 649 3040 Et
669 2982 709 3041 ad
728 2981 839 3041 dictam
859 3001 968 3059 penam
981 2986 1120 3042 teneatur
1132 3004 1187 3061 pro
1202 2984 1297 3062 alapa.

429 3161 571 3222 LXVIII
591 3162 644 3220 De
665 3158 933 3236 percutientibus
955 3157 991 3218 in
1012 3159 1080 3219 alia
1101 3164 1198 3235 parte
1220 3161 1385 3236 corporis.

290 3346 324 3384 20
429 3331 508 3390 Item
528 3331 554 3389 si
575 3331 642 3406 quis
662 3329 792 3405 aliquem
813 3348 902 3388 manu
924 3348 1019 3389 vacua
1039 3331 1220 3407 percusserit
1239 3332 1271 3389 in
1292 3333 1380 3390 aliam
1400 3335 1518 3409 partem
1548 3326 1661 3406 corporis

351 3467 440 3525 quam
460 3448 492 3504 in
512 3445 597 3518 facie,
619 3448 761 3524 puniatur
781 3446 812 3504 in
832 3446 864 3504 X
884 3445 1004 3504 solidos.
1026 3445 1058 3504 Si
1079 3464 1151 3506 vero
1171 3447 1306 3524 predicta
1330 3449 1513 3508 commiserit
1540 3468 1577 3508 ex
1605 3459 1661 3504 casu

350 3565 400 3627 vel
419 3564 500 3638 ludo,
522 3583 576 3623 seu
597 3563 636 3622 ad
658 3561 863 3622 defensionem
883 3563 933 3621 vel
954 3561 1116 3622 dividendo
1137 3582 1190 3622 seu
1211 3564 1390 3642 corrigendo
1412 3565 1556 3638 rixantes,
1570 3565 1594 3622 si
1615 3561 1664 3620 sint

350 3680 565 3756 consanguinei
585 3698 680 3755 usque
701 3678 740 3737 ad
760 3679 882 3736 tertium
903 3677 1040 3755 gradum,
1062 3697 1122 3737 nou
1143 3684 1303 3740 teneantur
1324 3681 1363 3738 ad
1382 3697 1503 3758 penam,
1519 3673 1661 3738 dummodo

351 3794 431 3871 quod
452 3815 511 3854 non
533 3794 661 3854 excedat
681 3793 803 3854 modum
824 3794 1004 3871 corrigendi.

288 4005 302 4042 2
309 4006 319 4057 5
432 3971 550 4030 LXIX.
572 3971 625 4030 De
645 3985 734 4045 pena
755 3967 1011 4030 extrahentium
1031 3987 1129 4031 arma
1150 3971 1223 4032 sine
1243 3971 1474 4048 percussione.

429 4139 509 4198 Item
530 4141 555 4198 si
576 4139 643 4216 quis
663 4144 767 4199 contra
788 4139 918 4214 aliquem
939 4141 1105 4200 extraxerit
1125 4160 1312 4219 quocumque
1332 4143 1421 4202 modo
1442 4162 1535 4217 arma,
1556 4146 1585 4201 et
1613 4155 1661 4196 non

348 4255 538 4332 percusserit,
559 4255 591 4312 iu
611 4253 644 4312 X
664 4252 775 4313 solidos
794 4255 945 4330 punietur,
968 4255 1025 4314 nisi
1045 4255 1101 4314 hoc
1122 4254 1228 4315 fecerit
1248 4256 1286 4316 ad
1314 4259 1360 4316 sui
1392 4256 1604 4318 defensionem.
1628 4252 1660 4310 Et

348 4373 374 4430 si
395 4375 499 4429 contra
519 4370 620 4448 plures
640 4388 784 4446 personas
805 4369 911 4430 eodem
932 4373 1056 4430 instanti
1076 4372 1171 4431 semel
1191 4371 1271 4432 dicta
1296 4392 1378 4432 arma
1409 4375 1590 4446 extraxerit,
1617 4387 1660 4447 pro

349 4507 409 4546 uno
434 4505 561 4546 excessu
581 4489 698 4544 tantum
718 4487 868 4564 puniatur.
