3464 5508
24 544 1401 677 ffisffisfflfflfflfflefflfflmffl

127 1606 735 1753 STATUTA
800 1605 1310 1756 OLIBANI

545 1867 935 1894 W

114 2071 146 2130 Ι.
173 2071 386 2134 Concessio
407 2071 619 2148 presentium
650 2073 861 2132 statutorum
893 2069 1027 2130 lactea
1058 2065 1208 2131 dominis
1235 2065 1404 2131 Romanis

31 2184 296 2250 universitati
318 2188 423 2250 castri
444 2186 592 2249 olibani.

120 2355 169 2416 In
195 2361 331 2419 nomine
352 2359 473 2419 Domini
494 2359 604 2418 Amen.
626 2357 702 2417 Oum
723 2377 778 2436 per
798 2356 903 2416 (lolam
923 2357 1095 2418 Ferrarium
1117 2357 1155 2418 de
1169 2361 1267 2418 castro
1285 2355 1405 2418 Olibani

37 2471 212 2534 sindicum
240 2478 275 2536 et
295 2480 519 2554 procuratorem
540 2474 612 2534 dicti
632 2474 731 2546 castri,
747 2478 837 2551 prout
850 2473 889 2533 de
903 2473 1037 2552 predicto
1053 2473 1176 2534 Sindico
1188 2477 1271 2552 patet
1284 2471 1405 2551 publico

42 2584 270 2649 instrumento
291 2610 382 2649 manu
402 2588 512 2648 nobilis
526 2590 583 2650 viri
598 2588 713 2650 Salvati
728 2587 897 2665 Scaglionis
911 2587 950 2647 de
964 2588 1043 2648 dioto
1058 2593 1156 2648 castro
1169 2587 1282 2668 publici
1297 2588 1405 2648 notarii
1434 2597 1445 2650 5

46 2720 104 2776 per
127 2725 184 2764 me
209 2703 441 2784 infrascriptum
462 2706 611 2764 notarium
632 2705 696 2766 viso
718 2708 749 2762 et
769 2703 855 2778 lecto,
877 2724 931 2782 pro
953 2723 985 2764 se
1006 2706 1071 2766 vice
1092 2708 1124 2766 et
1144 2705 1263 2764 nomine
1277 2703 1404 2765 Univer-

47 2817 153 2878 sitatis
177 2821 324 2900 predicte
344 2825 375 2881 et
395 2821 551 2881 hominum
572 2820 707 2882 ciusdem
722 2825 752 2878 et
766 2841 820 2898 pro
834 2821 878 2879 eis
892 2839 991 2880 coram
1007 2819 1174 2898 magnificis
1189 2824 1219 2880 et
1231 2817 1404 2898 potentibus

49 2932 127 2992 viris
140 2935 292 3012 Septem
302 2934 602 2998 Reformatoribus
613 2952 711 2998 sacre
722 2933 909 3012 reipublice
919 2937 1161 2998 Romanorum
1171 2932 1402 3012 dominorum,

54 3051 89 3106 et
112 3057 275 3124 quatuor
294 3051 575 3128 Antepositorum
607 3051 717 3114 felicis
737 3049 911 3113 socletatis
931 3048 1191 3114 balistariorum
1212 3054 1246 3112 et
1265 3065 1404 3127 pavese-

58 3162 204 3229 riorum
241 3174 273 3230 et
302 3189 405 3229 corum
435 3169 525 3230 Ourie
556 3171 691 3230 extiterit
720 3170 873 3232 humiliter
903 3168 1103 3248 supplicatum
1135 3172 1282 3246 quatenus
1312 3167 1404 3228 iidem
1435 3182 1467 3222 ro

58 3279 183 3344 domini
206 3285 407 3364 dignarentur
426 3285 624 3346 Universiteti
638 3285 772 3365 predicte
787 3285 825 3344 de
839 3283 961 3362 speciali
974 3285 1073 3363 matie
1086 3283 1234 3358 ordinare,
1249 3288 1404 3361 acceptare

60 3402 92 3456 et
114 3402 301 3462 confirmare
322 3401 514 3481 infrascripta
534 3403 665 3481 capitula
685 3407 775 3480 atque
795 3405 917 3477 statuta,
939 3401 1048 3480 quibus
1070 3400 1150 3462 dicta
1168 3401 1359 3462 Universites
1374 3405 1404 3462 et

61 3513 206 3580 homines
228 3519 323 3598 ipsius
353 3518 453 3578 lucide
474 3525 504 3578 et
524 3518 604 3579 clare
635 3519 739 3580 vivere
770 3519 887 3596 possint
917 3537 984 3578 cum
1017 3515 1191 3578 offitialibus
1220 3516 1311 3576 (lurie
1332 3515 1404 3577 dicti

65 3637 168 3711 castri,
191 3640 223 3695 et
243 3654 300 3694 nec
324 3652 380 3713 per
411 3633 506 3694 dictos
537 3632 674 3694 offitisles
705 3634 826 3695 valeant
853 3632 987 3694 indebite
1018 3638 1122 3693 contra
1142 3633 1189 3693 ius
1209 3636 1240 3692 et
1259 3633 1404 3693 iustitiam

67 3749 223 3810 molestari
244 3753 275 3808 et
296 3749 427 3826 gravari,
448 3750 539 3808 immo
559 3747 721 3809 salubriter
741 3747 914 3826 gubernari.
936 3747 1072 3825 (iamque
1085 3747 1249 3828 supradicti
1267 3748 1403 3808 homines
1435 3757 1463 3812 ¹5

68 3862 296 3922 considerantes
316 3863 566 3940 supplicationem
585 3863 750 3941 predictam
772 3862 836 3924 fore
867 3865 986 3937 iustam,
1018 3867 1186 3924 annuentes
1216 3863 1315 3923 eidem
1335 3881 1404 3940 sup·

69 3977 230 4053 plicationi,
252 3978 291 4037 ad
312 3978 368 4038 hoc
389 3979 469 4055 quod
500 3979 581 4038 dicta
611 3980 792 4040 universitas
813 3984 844 4040 et
863 3980 999 4042 homines
1030 3979 1164 4042 eiusdem
1195 3979 1273 4040 iuste
1297 3980 1402 4041 vivent

71 4096 100 4150 et
119 4093 256 4155 indebite
276 4113 337 4153 non
359 4099 517 4169 vexentur,
539 4099 570 4154 et
590 4100 624 4154 ut
645 4095 683 4156 de
703 4099 803 4156 cetero
825 4097 921 4156 omnis
942 4095 1062 4156 omnino
1083 4099 1180 4156 cesset
1207 4093 1402 4154 interdictos

72 4207 207 4272 homines
228 4217 259 4270 et
279 4209 418 4272 offitiales
438 4210 572 4290 prefatos
592 4214 718 4272 materia
737 4213 880 4287 scandali,
896 4217 993 4274 amoto
1008 4214 1104 4273 omnis
1118 4209 1308 4272 obscuritatis
1322 4211 1403 4272 vele·

73 4327 158 4402 minc,
179 4331 215 4386 ut
234 4326 310 4387 nulli
329 4327 446 4405 possint
476 4325 680 4387 incertitudini
711 4326 875 4402 subiacere,
907 4348 962 4406 pro
989 4325 1067 4388 bono
1087 4331 1168 4388 stetu
1193 4329 1224 4386 et
1244 4323 1402 4386 concordia
1431 4337 1465 4378 20

75 4440 253 4516 eorumdem,
275 4446 306 4503 et
325 4446 361 4501 ut
381 4441 453 4502 dicti
484 4442 619 4502 domines
649 4449 788 4522 prompte
820 4443 980 4505 devotione
1001 4447 1032 4504 et
1052 4442 1210 4522 multiplici
1233 4441 1402 4504 reverentia

76 4573 153 4618 sacro
173 4576 297 4617 romano
317 4557 427 4635 populo
448 4566 479 4617 et
500 4555 673 4618 offitialibus
693 4559 818 4618 sinceris
850 4558 993 4618 anhelent
1023 4554 1182 4619 affectibus
1212 4555 1351 4616 famulari
1372 4557 1403 4614 et

76 4674 182 4734 servire
201 4670 332 4732 fideliter
352 4673 530 4747 animentur,
553 4671 591 4732 ed
611 4673 787 4750 petitionem
808 4677 839 4732 et
852 4671 1025 4732 instantiam
1040 4671 1112 4732 dicti
1126 4669 1233 4732 sindici
1253 4669 1403 4750 presentis

141 4787 180 4842 Lu
200 4787 328 4842 Mlurn.
1314 4799 1325 4841 ι
