3464 5508
932 481 969 492 ..
990 447 1031 506 30
1051 481 1090 492 ..

345 565 396 624 alii
416 563 625 624 comestabiles
645 565 676 623 et
696 563 856 624 consiliarii
876 583 931 641 pro
951 563 1017 622 aliis
1037 562 1083 622 VI
1103 562 1299 640 sequentibus
1320 561 1481 622 mensibus
1503 557 1543 618 ab
1556 557 1667 632 aliieqnl
1697 520 1698 553 i

345 683 582 742 commissionem
604 679 770 739 habuerint.
792 679 851 752 Qui
871 678 1078 739 comestabilea
1099 683 1130 738 et
1150 679 1310 738 consiliarii
1330 678 1464 738 liberum
1486 673 1618 734 habeant
1635 693 1669 729 ar-

344 795 467 856 bitrium
486 797 706 874 negotiationes
726 814 876 868 exercere,
898 803 989 873 prout
1008 795 1115 856 melius
1135 796 1179 854 eis
1199 793 1361 868 videbitur,
1382 799 1413 853 et
1445 793 1475 852 si
1508 787 1672 866 expedierit,
1706 842 1708 851 .

345 913 485 972 collectas
505 913 658 989 imponere
680 918 710 972 et
730 912 863 988 exigere,
875 914 905 969 et
926 911 1024 970 omnia
1044 911 1102 970 alia
1122 916 1153 970 et
1173 911 1294 988 singula
1308 908 1409 968 facere
1424 925 1489 984 que
1501 909 1601 964 totam
1611 921 1674 959 com-
1707 880 1710 933 ¹¹

304 1059 314 1108 5
345 1046 434 1088 mune
455 1027 554 1088 facere
575 1033 684 1105 posset.
706 1027 746 1086 Et
767 1027 838 1086 dicti
858 1024 1065 1086 commeabiles
1086 1031 1118 1086 et
1137 1026 1297 1086 consiliarii
1317 1027 1418 1084 iurant
1438 1022 1484 1083 ad
1507 1023 1615 1080 sancta
1626 1017 1675 1074 Dei

344 1143 503 1220 evangelia
522 1141 652 1200 fideliter
671 1159 778 1218 gerere
798 1143 920 1216 negotia
940 1143 1113 1214 communis,
1126 1145 1157 1199 et
1168 1140 1280 1200 dictum
1292 1159 1449 1200 commuue
1462 1147 1498 1198 et
1510 1137 1613 1196 omnia
1622 1135 1678 1191 iura

343 1259 437 1335 ipsius
457 1277 511 1334 pro
532 1275 619 1334 posse
640 1263 843 1328 manutenere,
866 1252 1029 1314 defendere
1049 1259 1080 1314 et
1101 1275 1222 1332 augere,
1245 1263 1276 1314 et
1296 1255 1375 1315 dicto
1397 1253 1561 1315 communi
1582 1255 1614 1308 et
1625 1267 1680 1324 spe-

344 1371 469 1431 cialibus
490 1373 625 1449 personis
646 1390 714 1430 curu
735 1369 901 1448 expedierit
922 1369 1049 1448 prebere
1070 1372 1224 1443 auxilium,
1246 1372 1403 1430 consilium
1425 1376 1456 1429 et
1478 1367 1631 1438 favorem,
1655 1367 1680 1422 et

345 1489 375 1546 in
396 1487 455 1546 fine
476 1507 579 1546 eorum
610 1487 696 1546 offitii
726 1485 826 1547 facere
857 1485 985 1546 similem
1006 1487 1255 1546 coadunationem
1276 1491 1306 1545 at
1326 1486 1455 1546 reddere
1485 1485 1528 1542 de
1562 1480 1682 1556 singulis

288 1631 319 1669 10
345 1606 499 1664 racionem.
522 1603 607 1662 Etsi
629 1603 700 1662 dicti
723 1603 865 1663 officiales
886 1604 935 1662 vel
956 1604 1063 1679 aliquis
1084 1605 1217 1681 ipsorum
1237 1605 1286 1663 vel
1307 1605 1492 1679 quicumque
1528 1600 1581 1658 cui
1612 1594 1683 1653 facta

345 1719 437 1780 fuerit
456 1721 624 1780 commissio
645 1721 744 1796 aliqua
765 1741 783 1779 a
803 1739 959 1780 commune
979 1722 1028 1782 vel
1049 1721 1087 1780 ab
1108 1720 1289 1795 offitialibua,
1314 1723 1345 1778 in
1366 1722 1466 1796 aliquo
1490 1717 1684 1779 defraudaret

345 1853 510 1906 commune,
533 1836 674 1912 puniatur
693 1837 724 1893 in
746 1835 955 1913 quadruplum,
978 1842 1008 1896 et
1029 1857 1092 1895 rem
1115 1835 1324 1896 defraudatam
1344 1837 1486 1895 restituat
1501 1833 1681 1910 duplicatam

345 1951 504 2008 communi.
525 1949 715 2008 Castellanus
735 1970 853 2026 quoque
874 1970 926 2010 seu
948 1953 1078 2012 vicarius
1098 1956 1237 2012 teneatur
1257 1951 1296 2010 ad
1316 1953 1495 2028 petitionem
1520 1946 1680 2008 offitialium

345 2083 453 2140 cogere
474 2062 705 2123 defraudantem
725 2065 764 2123 ad
795 2064 905 2124 dictam
937 2065 1172 2126 satisfactionem
1204 2072 1234 2126 et
1265 2068 1453 2126 exactionem
1485 2086 1571 2144 pene
1603 2062 1676 2121 curie

287 2206 315 2256 ις
344 2179 530 2257 applicando.
550 2180 590 2239 Et
609 2179 648 2238 ad
669 2179 779 2238 dictam
800 2201 908 2258 penam
928 2186 1067 2241 teneatur
1088 2181 1213 2259 quilibet
1234 2182 1381 2241 dictorum
1402 2181 1587 2252 offitialinm,
1600 2178 1625 2236 si
1644 2173 1675 2233 ab

345 2294 443 2370 aliquo
463 2296 612 2371 receperit
632 2295 805 2370 simoniam,
828 2301 859 2356 et
879 2299 969 2358 etiam
990 2299 1169 2388 quicumque
1190 2297 1308 2356 dederit
1327 2299 1423 2375 ipsam
1446 2296 1618 2356 castellano
1638 2289 1679 2348 vel

346 2407 397 2465 alii
419 2406 535 2466 offitiali
556 2410 647 2468 curie.

428 2585 543 2646 uXVI.
566 2588 619 2646 De
644 2585 780 2647 damnis
802 2586 900 2648 datis.

424 2758 503 2816 Item
525 2778 617 2834 super
637 2756 744 2816 bannis
767 2757 944 2816 damnorum
967 2758 1105 2818 datorum
1126 2763 1272 2818 statutum
1293 2764 1324 2817 et
1344 2760 1516 2819 ordinatum
1548 2758 1607 2816 fuit
1636 2754 1671 2809 iu·

285 2896 318 2932 20
347 2872 505 2950 frascripta
526 2874 657 2950 capitula
676 2878 820 2949 perpetuo
841 2871 1031 2933 observanda
1052 2873 1116 2934 fore
1137 2876 1216 2934 inter
1237 2874 1448 2952 delinquentes
1469 2881 1500 2936 et
1522 2875 1637 2936 curiam
1649 2873 1674 2926 et

346 2989 485 3049 offitiales
505 3008 596 3066 super
617 2987 760 3065 predictis
782 2988 950 3066 deputatos.

427 3165 557 3226 CXVII.
579 3167 632 3225 De
654 3163 818 3239 eligendis
841 3163 1021 3226 massariis
1043 3183 1145 3242 super
1165 3165 1300 3230 balivis.

425 3334 586 3410 Inprimis
606 3333 687 3409 quod
707 3335 885 3392 omnianno
906 3335 1057 3411 eligantur
1078 3335 1136 3395 duo
1158 3336 1228 3396 boui
1248 3339 1306 3398 viri
1326 3357 1381 3415 per
1404 3337 1612 3398 comestabiles
1640 3333 1665 3388 ei

345 3452 529 3511 consiliarios
551 3449 622 3507 dicti
642 3449 732 3506 castri
753 3446 832 3506 infra
851 3447 934 3507 VIII
954 3448 1018 3508 dies
1038 3455 1106 3526 post
1127 3449 1238 3509 festum
1269 3451 1444 3512 Natiuitatis
1475 3451 1607 3521 Domini,
1628 3443 1670 3520 qui

286 3593 315 3644 25
345 3567 500 3626 arbitrium
520 3565 651 3624 habeant
672 3565 804 3642 eligendi
824 3566 963 3625 custodes
984 3572 1015 3626 et
1036 3567 1212 3644 assignandi
1235 3567 1342 3626 balivis
1373 3567 1412 3626 ad
1444 3563 1665 3627 custodiendum

345 3687 494 3745 territoria
515 3684 662 3742 dictorum
682 3691 855 3757 castrorum,
877 3685 919 3741 ita
938 3684 1018 3759 quod
1040 3686 1120 3743 omni
1141 3685 1190 3743 die
1212 3684 1283 3742 dicti
1306 3683 1396 3744 balivi
1417 3685 1549 3744 habeant
1581 3696 1666 3742 unum

347 3821 385 3860 ex
406 3801 494 3860 dictis
515 3797 698 3872 custodibus,
711 3804 741 3857 et
761 3804 921 3857 teneantur
940 3799 1090 3858 custodire
1113 3799 1192 3858 dicta
1212 3801 1361 3858 territoria
1380 3820 1435 3878 pro
1455 3820 1544 3879 posse
1563 3812 1667 3861 eorum,

346 3923 377 3978 et
398 3920 429 3977 in
449 3916 588 3977 manibus
609 3936 712 3976 eorum
732 3918 832 3976 iurent
852 3917 924 3974 dicti
944 3915 1084 3975 custodes
1105 3916 1182 3974 bene
1197 3920 1227 3975 et
1239 3916 1369 3976 fideliter
1383 3916 1667 3991 custodiretemporc

346 4056 404 4111 quo
424 4033 538 4093 fuerint
558 4032 705 4104 custodes,
727 4037 757 4090 et
777 4031 986 4107 delinquentes
1005 4051 1059 4091 seu
1081 4031 1224 4090 damnum
1246 4032 1351 4091 dantes
1376 4051 1563 4108 quocumque
1593 4035 1667 4090 inve-

287 4170 320 4222 30
347 4153 446 4211 nerint
466 4169 606 4208 accusare
626 4150 691 4207 sine
712 4146 827 4220 fraude,
850 4153 880 4206 et
910 4148 948 4208 de
979 4147 1116 4208 omnibus
1147 4149 1233 4225 penis
1264 4167 1338 4224 quas
1369 4166 1407 4206 ex
1438 4168 1543 4207 eorum
1563 4142 1666 4206 accusis

347 4269 474 4343 exigunt
495 4265 566 4323 dicti
587 4263 734 4337 custodes,
756 4262 887 4322 habeant
908 4270 1044 4340 quartam
1064 4269 1189 4343 partem,
1211 4268 1241 4322 et
1262 4283 1364 4322 eorum
1392 4265 1508 4322 accusis
1530 4263 1666 4326 credatur,

346 4383 403 4442 nisi
424 4383 449 4439 si
471 4381 578 4456 aliquis
599 4399 637 4438 ax
659 4379 746 4438 dictis
767 4381 882 4438 accusis
902 4383 1030 4438 senserit
1050 4400 1082 4440 se
1104 4384 1271 4457 gravatum,
1293 4383 1422 4456 ponatur
1443 4383 1474 4438 et
1494 4383 1590 4438 stetur
1603 4372 1666 4435 iudi·

346 4499 387 4556 tio
409 4497 555 4555 dictorum
577 4495 787 4554 massariorum
808 4514 861 4554 seu
882 4493 1028 4553 bonorum
1048 4497 1180 4555 virorum
1201 4495 1371 4565 electorum,
1393 4494 1425 4552 in
1450 4513 1576 4569 quorum
1606 4486 1665 4550 deli·

346 4617 459 4673 uitione
480 4617 510 4672 et
531 4611 652 4671 arbitrio
673 4611 873 4684 absolvuntur,
888 4621 917 4671 et
938 4612 1175 4671 condemnentur
1197 4609 1405 4686 delinquentes
1419 4610 1540 4686 quando
1555 4609 1664 4668 dubium

287 4746 316 4798 35
351 4729 470 4805 aliquod
491 4732 579 4800 esset,
601 4733 632 4786 et
652 4748 713 4785 non
734 4726 903 4787 declaretur
922 4747 976 4804 per
996 4732 1109 4786 statuta
1128 4727 1288 4804 presentia.
1311 4725 1370 4798 Qui
1391 4725 1461 4785 boni
1492 4726 1549 4786 viri
1579 4720 1663 4783 iurent
