<?xml version="1.0" encoding="UTF-8"?>
<!DOCTYPE html PUBLIC "-//W3C//DTD XHTML 1.0 Transitional//EN"
    "http://www.w3.org/TR/xhtml1/DTD/xhtml1-transitional.dtd">
<html xmlns="http://www.w3.org/1999/xhtml" xml:lang="en" lang="en">
 <head>
  <title>
</title>
<meta http-equiv="Content-Type" content="text/html;charset=utf-8" />
  <meta name='ocr-system' content='tesseract 3.04.00' />
  <meta name='ocr-capabilities' content='ocr_page ocr_carea ocr_par ocr_line ocrx_word'/>
</head>
<body>
  <div class='ocr_page' id='page_1' title='image "./statutidiolevan00mantgoog_0064.png"; bbox 0 0 3464 5508; ppageno 0'>
   <div class='ocr_carea' id='block_1_1' title="bbox 271 390 1717 2095">
    <p class='ocr_par' dir='ltr' id='par_1_1' title="bbox 271 390 1717 2095">
     <span class='ocr_line' id='line_1_1' title="bbox 908 390 1067 450; baseline 0 -16"><span class='ocrx_word' id='word_1_1' title='bbox 908 423 946 434; x_wconf 90' lang='lat'>-</span> <span class='ocrx_word' id='word_1_2' title='bbox 968 390 1009 450; x_wconf 76' lang='lat'><strong>20</strong></span> <span class='ocrx_word' id='word_1_3' title='bbox 1029 425 1067 434; x_wconf 89' lang='lat'>-</span> 
     </span>
     <span class='ocr_line' id='line_1_2' title="bbox 327 505 1717 598; baseline -0.001 -30"><span class='ocrx_word' id='word_1_4' title='bbox 327 505 458 568; x_wconf 88' lang='lat' dir='ltr'><strong>corditer</strong></span> <span class='ocrx_word' id='word_1_5' title='bbox 477 507 505 568; x_wconf 88' lang='lat' dir='ltr'><strong>ei</strong></span> <span class='ocrx_word' id='word_1_6' title='bbox 526 507 702 586; x_wconf 85' lang='lat' dir='ltr'><strong>pepercerit,</strong></span> <span class='ocrx_word' id='word_1_7' title='bbox 724 505 755 564; x_wconf 93' lang='lat' dir='ltr'><strong>in</strong></span> <span class='ocrx_word' id='word_1_8' title='bbox 776 523 834 582; x_wconf 92' lang='lat' dir='ltr'><strong>qno</strong></span> <span class='ocrx_word' id='word_1_9' title='bbox 854 521 926 565; x_wconf 86' lang='lat' dir='ltr'><strong>casu</strong></span> <span class='ocrx_word' id='word_1_10' title='bbox 946 505 1030 565; x_wconf 88' lang='lat' dir='ltr'><strong>curia</strong></span> <span class='ocrx_word' id='word_1_11' title='bbox 1049 507 1155 584; x_wconf 88' lang='lat' dir='ltr'><strong>puniat</strong></span> <span class='ocrx_word' id='word_1_12' title='bbox 1176 507 1274 586; x_wconf 88' lang='lat' dir='ltr'><strong>ipsum</strong></span> <span class='ocrx_word' id='word_1_13' title='bbox 1294 508 1325 568; x_wconf 90' lang='lat' dir='ltr'><strong>in</strong></span> <span class='ocrx_word' id='word_1_14' title='bbox 1343 511 1484 568; x_wconf 88' lang='lat' dir='ltr'><strong>centnm</strong></span> <span class='ocrx_word' id='word_1_15' title='bbox 1510 505 1593 565; x_wconf 87' lang='lat' dir='ltr'><strong>libris</strong></span> <span class='ocrx_word' id='word_1_16' title='bbox 1616 508 1654 566; x_wconf 78' lang='lat' dir='ltr'><strong>de</strong></span> <span class='ocrx_word' id='word_1_17' title='bbox 1715 556 1717 598; x_wconf 24' lang='grc' dir='ltr'>ξ</span> 
     </span>
     <span class='ocr_line' id='line_1_3' title="bbox 328 607 1717 700; baseline 0.001 -18"><span class='ocrx_word' id='word_1_18' title='bbox 328 621 480 682; x_wconf 85' lang='lat' dir='ltr'><strong>uariorum</strong></span> <span class='ocrx_word' id='word_1_19' title='bbox 499 623 626 696; x_wconf 86' lang='lat' dir='ltr'><strong>tentum,</strong></span> <span class='ocrx_word' id='word_1_20' title='bbox 648 625 679 681; x_wconf 90' lang='lat' dir='ltr'><strong>et</strong></span> <span class='ocrx_word' id='word_1_21' title='bbox 698 619 891 680; x_wconf 83' lang='lat' dir='ltr'><strong>nihilominus</strong></span> <span class='ocrx_word' id='word_1_22' title='bbox 911 619 1014 680; x_wconf 85' lang='lat' dir='ltr'><strong>exulet</strong></span> <span class='ocrx_word' id='word_1_23' title='bbox 1033 639 1088 700; x_wconf 93' lang='lat' dir='ltr'><strong>per</strong></span> <span class='ocrx_word' id='word_1_24' title='bbox 1108 641 1221 683; x_wconf 88' lang='lat' dir='ltr'><strong>annum</strong></span> <span class='ocrx_word' id='word_1_25' title='bbox 1240 623 1395 700; x_wconf 84' lang='lat' dir='ltr'><strong>integrum</strong></span> <span class='ocrx_word' id='word_1_26' title='bbox 1413 621 1458 681; x_wconf 90' lang='lat' dir='ltr'><strong>de</strong></span> <span class='ocrx_word' id='word_1_27' title='bbox 1483 621 1566 682; x_wconf 88' lang='lat' dir='ltr'><strong>dicto</strong></span> <span class='ocrx_word' id='word_1_28' title='bbox 1579 627 1659 682; x_wconf 84' lang='lat' dir='ltr'><strong>cestu</strong></span> <span class='ocrx_word' id='word_1_29' title='bbox 1715 607 1717 614; x_wconf 14' lang='grc' dir='ltr'><em>Α</em></span> 
     </span>
     <span class='ocr_line' id='line_1_4' title="bbox 328 729 1717 816; baseline -0.004 -16"><span class='ocrx_word' id='word_1_30' title='bbox 328 741 360 800; x_wconf 84' lang='lat' dir='ltr'><strong>et</strong></span> <span class='ocrx_word' id='word_1_31' title='bbox 379 739 445 800; x_wconf 81' lang='lat' dir='ltr'><strong>eius</strong></span> <span class='ocrx_word' id='word_1_32' title='bbox 464 737 622 810; x_wconf 80' lang='lat' dir='ltr'><strong>territorio,</strong></span> <span class='ocrx_word' id='word_1_33' title='bbox 644 738 674 797; x_wconf 95' lang='lat' dir='ltr'><strong>in</strong></span> <span class='ocrx_word' id='word_1_34' title='bbox 692 755 751 814; x_wconf 87' lang='lat' dir='ltr'><strong>quo</strong></span> <span class='ocrx_word' id='word_1_35' title='bbox 770 735 797 796; x_wconf 85' lang='lat' dir='ltr'><strong>ei</strong></span> <span class='ocrx_word' id='word_1_36' title='bbox 817 735 963 796; x_wconf 71' lang='lat' dir='ltr'><strong>reintrare</strong></span> <span class='ocrx_word' id='word_1_37' title='bbox 985 738 1202 816; x_wconf 82' lang='lat' dir='ltr'><strong>presumpserit</strong></span> <span class='ocrx_word' id='word_1_38' title='bbox 1232 735 1312 798; x_wconf 88' lang='lat' dir='ltr'><strong>infra</strong></span> <span class='ocrx_word' id='word_1_39' title='bbox 1342 737 1470 798; x_wconf 89' lang='lat' dir='ltr'><strong>dictum</strong></span> <span class='ocrx_word' id='word_1_40' title='bbox 1505 738 1661 808; x_wconf 82' lang='lat' dir='ltr'><strong>terminum,</strong></span> <span class='ocrx_word' id='word_1_41' title='bbox 1715 729 1717 784; x_wconf 74' lang='lat' dir='ltr'><strong>l</strong></span> 
     </span>
     <span class='ocr_line' id='line_1_5' title="bbox 328 851 1717 934; baseline -0.002 -20"><span class='ocrx_word' id='word_1_42' title='bbox 328 855 472 934; x_wconf 73' lang='lat' dir='ltr'><strong>puniatur</strong></span> <span class='ocrx_word' id='word_1_43' title='bbox 491 855 523 914; x_wconf 92' lang='lat' dir='ltr'><strong>in</strong></span> <span class='ocrx_word' id='word_1_44' title='bbox 543 855 575 914; x_wconf 88' lang='lat' dir='ltr'>X</span> <span class='ocrx_word' id='word_1_45' title='bbox 595 851 680 914; x_wconf 83' lang='lat' dir='ltr'><strong>libris</strong></span> <span class='ocrx_word' id='word_1_46' title='bbox 700 851 892 912; x_wconf 88' lang='lat' dir='ltr'><strong>denariorum</strong></span> <span class='ocrx_word' id='word_1_47' title='bbox 912 855 943 914; x_wconf 90' lang='lat' dir='ltr'><strong>et</strong></span> <span class='ocrx_word' id='word_1_48' title='bbox 963 853 1072 914; x_wconf 87' lang='lat' dir='ltr'><strong>iterum</strong></span> <span class='ocrx_word' id='word_1_49' title='bbox 1092 854 1195 916; x_wconf 81' lang='lat' dir='ltr'><strong>exulet</strong></span> <span class='ocrx_word' id='word_1_50' title='bbox 1208 873 1264 933; x_wconf 88' lang='lat' dir='ltr'><strong>per</strong></span> <span class='ocrx_word' id='word_1_51' title='bbox 1283 859 1376 916; x_wconf 90' lang='lat' dir='ltr'><strong>totum</strong></span> <span class='ocrx_word' id='word_1_52' title='bbox 1393 874 1537 914; x_wconf 85' lang='lat' dir='ltr'><strong>annum.</strong></span> <span class='ocrx_word' id='word_1_53' title='bbox 1559 853 1592 912; x_wconf 84' lang='lat' dir='ltr'><strong>Si</strong></span> <span class='ocrx_word' id='word_1_54' title='bbox 1603 873 1662 912; x_wconf 88' lang='lat' dir='ltr'><strong>voro</strong></span> <span class='ocrx_word' id='word_1_55' title='bbox 1715 865 1717 902; x_wconf 70' lang='lat' dir='ltr'><strong>l</strong></span> 
     </span>
     <span class='ocr_line' id='line_1_6' title="bbox 288 967 1717 1053; baseline -0.009 -18"><span class='ocrx_word' id='word_1_56' title='bbox 288 995 301 1050; x_wconf 86' lang='lat'><em>5</em></span> <span class='ocrx_word' id='word_1_57' title='bbox 329 973 396 1053; x_wconf 87' lang='lat' dir='ltr'><strong>cepi</strong></span> <span class='ocrx_word' id='word_1_58' title='bbox 416 993 477 1034; x_wconf 91' lang='lat' dir='ltr'><strong>non</strong></span> <span class='ocrx_word' id='word_1_59' title='bbox 497 971 616 1050; x_wconf 88' lang='lat' dir='ltr'><strong>poterit,</strong></span> <span class='ocrx_word' id='word_1_60' title='bbox 637 967 817 1048; x_wconf 88' lang='lat' dir='ltr'><strong>procedatur</strong></span> <span class='ocrx_word' id='word_1_61' title='bbox 836 977 941 1030; x_wconf 86' lang='lat' dir='ltr'><strong>contro</strong></span> <span class='ocrx_word' id='word_1_62' title='bbox 965 969 1095 1030; x_wconf 87' lang='lat' dir='ltr'><strong>eumad</strong></span> <span class='ocrx_word' id='word_1_63' title='bbox 1125 967 1345 1031; x_wconf 88' lang='lat' dir='ltr'><strong>diffidationem</strong></span> <span class='ocrx_word' id='word_1_64' title='bbox 1371 976 1407 1031; x_wconf 88' lang='lat' dir='ltr'><strong>et</strong></span> <span class='ocrx_word' id='word_1_65' title='bbox 1430 968 1664 1048; x_wconf 70' lang='lat' dir='ltr'>publicationem</span> <span class='ocrx_word' id='word_1_66' title='bbox 1715 981 1717 1022; x_wconf 83' lang='lat'>1</span> 
     </span>
     <span class='ocr_line' id='line_1_7' title="bbox 329 1085 1716 1168; baseline -0.006 -16"><span class='ocrx_word' id='word_1_67' title='bbox 329 1090 476 1152; x_wconf 89' lang='lat' dir='ltr'><strong>benorum</strong></span> <span class='ocrx_word' id='word_1_68' title='bbox 495 1090 587 1162; x_wconf 88' lang='lat' dir='ltr'><strong>curie,</strong></span> <span class='ocrx_word' id='word_1_69' title='bbox 608 1093 641 1148; x_wconf 92' lang='lat' dir='ltr'><strong>et</strong></span> <span class='ocrx_word' id='word_1_70' title='bbox 660 1107 714 1164; x_wconf 91' lang='lat' dir='ltr'><strong>pro</strong></span> <span class='ocrx_word' id='word_1_71' title='bbox 735 1086 823 1146; x_wconf 86' lang='lat' dir='ltr'><strong>tertie</strong></span> <span class='ocrx_word' id='word_1_72' title='bbox 843 1090 929 1164; x_wconf 85' lang='lat' dir='ltr'><strong>parte</strong></span> <span class='ocrx_word' id='word_1_73' title='bbox 949 1085 1111 1148; x_wconf 85' lang='lat' dir='ltr'><strong>heredibus</strong></span> <span class='ocrx_word' id='word_1_74' title='bbox 1132 1089 1240 1160; x_wconf 89' lang='lat' dir='ltr'><strong>occisi,</strong></span> <span class='ocrx_word' id='word_1_75' title='bbox 1261 1093 1293 1148; x_wconf 87' lang='lat' dir='ltr'><strong>et</strong></span> <span class='ocrx_word' id='word_1_76' title='bbox 1312 1093 1472 1168; x_wconf 88' lang='lat' dir='ltr'><strong>perpetuo</strong></span> <span class='ocrx_word' id='word_1_77' title='bbox 1507 1087 1614 1148; x_wconf 86' lang='lat' dir='ltr'><strong>exulet</strong></span> <span class='ocrx_word' id='word_1_78' title='bbox 1640 1086 1669 1144; x_wconf 87' lang='lat' dir='ltr'><strong>de</strong></span> <span class='ocrx_word' id='word_1_79' title='bbox 1715 1112 1716 1157; x_wconf 58' lang='lat'><strong>,</strong></span> 
     </span>
     <span class='ocr_line' id='line_1_8' title="bbox 328 1201 1716 1284; baseline -0.004 -19"><span class='ocrx_word' id='word_1_80' title='bbox 328 1205 408 1266; x_wconf 90' lang='lat' dir='ltr'><strong>dicto</strong></span> <span class='ocrx_word' id='word_1_81' title='bbox 428 1207 527 1264; x_wconf 84' lang='lat' dir='ltr'><strong>eaetro</strong></span> <span class='ocrx_word' id='word_1_82' title='bbox 547 1208 578 1263; x_wconf 90' lang='lat' dir='ltr'><strong>et</strong></span> <span class='ocrx_word' id='word_1_83' title='bbox 598 1204 663 1264; x_wconf 86' lang='lat' dir='ltr'><strong>eius</strong></span> <span class='ocrx_word' id='word_1_84' title='bbox 683 1203 841 1274; x_wconf 90' lang='lat' dir='ltr'><strong>territorio,</strong></span> <span class='ocrx_word' id='word_1_85' title='bbox 863 1207 894 1262; x_wconf 94' lang='lat' dir='ltr'><strong>et</strong></span> <span class='ocrx_word' id='word_1_86' title='bbox 914 1223 932 1264; x_wconf 86' lang='lat' dir='ltr'><strong>a</strong></span> <span class='ocrx_word' id='word_1_87' title='bbox 951 1201 1086 1280; x_wconf 88' lang='lat' dir='ltr'><strong>quolibet</strong></span> <span class='ocrx_word' id='word_1_88' title='bbox 1104 1202 1276 1265; x_wconf 86' lang='lat' dir='ltr'><strong>offendatur</strong></span> <span class='ocrx_word' id='word_1_89' title='bbox 1296 1206 1362 1264; x_wconf 83' lang='lat' dir='ltr'><strong>sine</strong></span> <span class='ocrx_word' id='word_1_90' title='bbox 1381 1225 1485 1284; x_wconf 86' lang='lat' dir='ltr'><strong>pena.</strong></span> <span class='ocrx_word' id='word_1_91' title='bbox 1522 1203 1668 1262; x_wconf 83' lang='lat' dir='ltr'><strong>Occisores</strong></span> <span class='ocrx_word' id='word_1_92' title='bbox 1715 1242 1716 1249; x_wconf 20' lang='grc' dir='ltr'><strong>κ</strong></span> 
     </span>
     <span class='ocr_line' id='line_1_9' title="bbox 329 1318 1672 1398; baseline -0.006 -16"><span class='ocrx_word' id='word_1_93' title='bbox 329 1340 401 1382; x_wconf 89' lang='lat' dir='ltr'><strong>vero</strong></span> <span class='ocrx_word' id='word_1_94' title='bbox 422 1324 453 1380; x_wconf 91' lang='lat' dir='ltr'><strong>et</strong></span> <span class='ocrx_word' id='word_1_95' title='bbox 472 1319 637 1382; x_wconf 87' lang='lat' dir='ltr'><strong>homicides</strong></span> <span class='ocrx_word' id='word_1_96' title='bbox 658 1318 785 1396; x_wconf 84' lang='lat' dir='ltr'><strong>intelligi</strong></span> <span class='ocrx_word' id='word_1_97' title='bbox 812 1319 951 1380; x_wconf 82' lang='lat' dir='ltr'><strong>volumus</strong></span> <span class='ocrx_word' id='word_1_98' title='bbox 981 1339 1085 1380; x_wconf 89' lang='lat' dir='ltr'><strong>omnes</strong></span> <span class='ocrx_word' id='word_1_99' title='bbox 1115 1320 1182 1380; x_wconf 91' lang='lat' dir='ltr'><strong>illos</strong></span> <span class='ocrx_word' id='word_1_100' title='bbox 1212 1321 1264 1397; x_wconf 89' lang='lat' dir='ltr'><strong>qui</strong></span> <span class='ocrx_word' id='word_1_101' title='bbox 1295 1322 1431 1381; x_wconf 89' lang='lat' dir='ltr'><strong>occisum</strong></span> <span class='ocrx_word' id='word_1_102' title='bbox 1469 1320 1672 1398; x_wconf 73' lang='lat' dir='ltr'><strong>percusserint</strong></span> 
     </span>
     <span class='ocr_line' id='line_1_10' title="bbox 329 1433 1671 1514; baseline -0.007 -17"><span class='ocrx_word' id='word_1_103' title='bbox 329 1439 463 1514; x_wconf 85' lang='lat' dir='ltr'><strong>tempore</strong></span> <span class='ocrx_word' id='word_1_104' title='bbox 483 1435 639 1496; x_wconf 85' lang='lat' dir='ltr'><strong>occisionis</strong></span> <span class='ocrx_word' id='word_1_105' title='bbox 659 1433 762 1512; x_wconf 87' lang='lat' dir='ltr'><strong>ipsius,</strong></span> <span class='ocrx_word' id='word_1_106' title='bbox 784 1433 831 1494; x_wconf 89' lang='lat' dir='ltr'><strong>vel</strong></span> <span class='ocrx_word' id='word_1_107' title='bbox 853 1433 1069 1494; x_wconf 79' lang='lat' dir='ltr'><strong>vulnerationis</strong></span> <span class='ocrx_word' id='word_1_108' title='bbox 1089 1433 1209 1495; x_wconf 92' lang='lat' dir='ltr'><strong>illorum</strong></span> <span class='ocrx_word' id='word_1_109' title='bbox 1228 1435 1389 1496; x_wconf 87' lang='lat' dir='ltr'><strong>vulnerum</strong></span> <span class='ocrx_word' id='word_1_110' title='bbox 1402 1433 1533 1512; x_wconf 86' lang='lat' dir='ltr'><strong>quibus</strong></span> <span class='ocrx_word' id='word_1_111' title='bbox 1548 1435 1671 1491; x_wconf 88' lang='lat' dir='ltr'><strong>mortuus</strong></span> 
     </span>
     <span class='ocr_line' id='line_1_11' title="bbox 271 1548 1673 1627; baseline -0.006 -15"><span class='ocrx_word' id='word_1_112' title='bbox 271 1573 304 1612; x_wconf 85' lang='grc' dir='ltr'><strong>ιο</strong></span> <span class='ocrx_word' id='word_1_113' title='bbox 329 1550 429 1612; x_wconf 84' lang='lat' dir='ltr'><strong>suerit.</strong></span> <span class='ocrx_word' id='word_1_114' title='bbox 451 1549 484 1611; x_wconf 85' lang='lat' dir='ltr'><strong>Si</strong></span> <span class='ocrx_word' id='word_1_115' title='bbox 505 1557 576 1612; x_wconf 80' lang='lat' dir='ltr'><strong>vero</strong></span> <span class='ocrx_word' id='word_1_116' title='bbox 597 1549 705 1627; x_wconf 81' lang='lat' dir='ltr'><strong>aliquis</strong></span> <span class='ocrx_word' id='word_1_117' title='bbox 726 1548 844 1610; x_wconf 81' lang='lat' dir='ltr'><strong>dederit</strong></span> <span class='ocrx_word' id='word_1_118' title='bbox 864 1550 1022 1610; x_wconf 85' lang='lat' dir='ltr'><strong>consilium</strong></span> <span class='ocrx_word' id='word_1_119' title='bbox 1043 1550 1092 1612; x_wconf 82' lang='lat' dir='ltr'><strong>vel</strong></span> <span class='ocrx_word' id='word_1_120' title='bbox 1111 1548 1247 1612; x_wconf 80' lang='lat' dir='ltr'><strong>favorem</strong></span> <span class='ocrx_word' id='word_1_121' title='bbox 1267 1551 1308 1610; x_wconf 89' lang='lat' dir='ltr'><strong>ad</strong></span> <span class='ocrx_word' id='word_1_122' title='bbox 1331 1550 1545 1612; x_wconf 75' lang='lat' dir='ltr'><strong>homicidium</strong></span> <span class='ocrx_word' id='word_1_123' title='bbox 1579 1565 1673 1624; x_wconf 82' lang='lat' dir='ltr'><strong>perpe</strong></span> 
     </span>
     <span class='ocr_line' id='line_1_12' title="bbox 328 1664 1671 1744; baseline -0.007 -14"><span class='ocrx_word' id='word_1_124' title='bbox 328 1668 479 1740; x_wconf 87' lang='lat' dir='ltr'><strong>trandum,</strong></span> <span class='ocrx_word' id='word_1_125' title='bbox 500 1667 598 1730; x_wconf 84' lang='lat' dir='ltr'><strong>solvet</strong></span> <span class='ocrx_word' id='word_1_126' title='bbox 618 1686 672 1744; x_wconf 92' lang='lat' dir='ltr'><strong>pro</strong></span> <span class='ocrx_word' id='word_1_127' title='bbox 692 1683 771 1744; x_wconf 88' lang='lat' dir='ltr'><strong>pene</strong></span> <span class='ocrx_word' id='word_1_128' title='bbox 790 1667 872 1726; x_wconf 91' lang='lat' dir='ltr'><strong>curie</strong></span> <span class='ocrx_word' id='word_1_129' title='bbox 891 1665 984 1727; x_wconf 85' lang='lat' dir='ltr'><strong>libres</strong></span> <span class='ocrx_word' id='word_1_130' title='bbox 1003 1666 1031 1726; x_wconf 88' lang='lat' dir='ltr'>L</span> <span class='ocrx_word' id='word_1_131' title='bbox 1045 1666 1244 1728; x_wconf 77' lang='lat' dir='ltr'><strong>denariorum.</strong></span> <span class='ocrx_word' id='word_1_132' title='bbox 1261 1667 1295 1728; x_wconf 82' lang='lat' dir='ltr'><strong>Si</strong></span> <span class='ocrx_word' id='word_1_133' title='bbox 1307 1687 1380 1730; x_wconf 84' lang='lat' dir='ltr'><strong>vero</strong></span> <span class='ocrx_word' id='word_1_134' title='bbox 1393 1671 1537 1728; x_wconf 83' lang='lat' dir='ltr'><strong>vocatus</strong></span> <span class='ocrx_word' id='word_1_135' title='bbox 1551 1664 1592 1723; x_wconf 87' lang='lat' dir='ltr'><strong>ad</strong></span> <span class='ocrx_word' id='word_1_136' title='bbox 1605 1664 1671 1722; x_wconf 85' lang='lat' dir='ltr'><strong>hano</strong></span> 
     </span>
     <span class='ocr_line' id='line_1_13' title="bbox 328 1781 1668 1862; baseline -0.006 -18"><span class='ocrx_word' id='word_1_137' title='bbox 328 1801 449 1846; x_wconf 77' lang='lat' dir='ltr'><strong>eeusiun</strong></span> <span class='ocrx_word' id='word_1_138' title='bbox 470 1802 530 1844; x_wconf 86' lang='lat' dir='ltr'><strong>non</strong></span> <span class='ocrx_word' id='word_1_139' title='bbox 550 1783 759 1860; x_wconf 83' lang='lat' dir='ltr'><strong>comparuerit,</strong></span> <span class='ocrx_word' id='word_1_140' title='bbox 780 1781 945 1857; x_wconf 77' lang='lat' dir='ltr'><strong>diffidetur3</strong></span> <span class='ocrx_word' id='word_1_141' title='bbox 966 1786 998 1842; x_wconf 89' lang='lat' dir='ltr'><strong>et</strong></span> <span class='ocrx_word' id='word_1_142' title='bbox 1017 1783 1043 1842; x_wconf 88' lang='lat' dir='ltr'><strong>si</strong></span> <span class='ocrx_word' id='word_1_143' title='bbox 1064 1784 1130 1862; x_wconf 90' lang='lat' dir='ltr'><strong>capi</strong></span> <span class='ocrx_word' id='word_1_144' title='bbox 1149 1785 1261 1861; x_wconf 90' lang='lat' dir='ltr'><strong>poterit</strong></span> <span class='ocrx_word' id='word_1_145' title='bbox 1281 1789 1312 1845; x_wconf 93' lang='lat' dir='ltr'><strong>et</strong></span> <span class='ocrx_word' id='word_1_146' title='bbox 1332 1783 1448 1844; x_wconf 86' lang='lat' dir='ltr'><strong>dictem</strong></span> <span class='ocrx_word' id='word_1_147' title='bbox 1466 1801 1587 1862; x_wconf 85' lang='lat' dir='ltr'><strong>penam</strong></span> <span class='ocrx_word' id='word_1_148' title='bbox 1601 1781 1668 1838; x_wconf 88' lang='lat' dir='ltr'><strong>intra</strong></span> 
     </span>
     <span class='ocr_line' id='line_1_14' title="bbox 329 1898 1670 1979; baseline -0.005 -19"><span class='ocrx_word' id='word_1_149' title='bbox 329 1898 405 1962; x_wconf 81' lang='lat' dir='ltr'><strong>duos</strong></span> <span class='ocrx_word' id='word_1_150' title='bbox 425 1917 544 1962; x_wconf 83' lang='lat' dir='ltr'><strong>menses</strong></span> <span class='ocrx_word' id='word_1_151' title='bbox 564 1918 625 1962; x_wconf 89' lang='lat' dir='ltr'><strong>uon</strong></span> <span class='ocrx_word' id='word_1_152' title='bbox 646 1900 845 1977; x_wconf 84' lang='lat' dir='ltr'><strong>comparuerit</strong></span> <span class='ocrx_word' id='word_1_153' title='bbox 865 1899 973 1976; x_wconf 86' lang='lat' dir='ltr'><strong>eliquia</strong></span> <span class='ocrx_word' id='word_1_154' title='bbox 991 1899 1136 1962; x_wconf 90' lang='lat' dir='ltr'><strong>solvendo</strong></span> <span class='ocrx_word' id='word_1_155' title='bbox 1150 1903 1273 1978; x_wconf 84' lang='lat' dir='ltr'><strong>paratus</strong></span> <span class='ocrx_word' id='word_1_156' title='bbox 1285 1921 1340 1979; x_wconf 91' lang='lat' dir='ltr'><strong>pro</strong></span> <span class='ocrx_word' id='word_1_157' title='bbox 1355 1919 1400 1976; x_wconf 91' lang='lat' dir='ltr'><strong>eo,</strong></span> <span class='ocrx_word' id='word_1_158' title='bbox 1415 1899 1601 1964; x_wconf 85' lang='lat' dir='ltr'><strong>secundum</strong></span> <span class='ocrx_word' id='word_1_159' title='bbox 1614 1898 1670 1954; x_wconf 84' lang='lat' dir='ltr'><strong>iura</strong></span> 
     </span>
     <span class='ocr_line' id='line_1_15' title="bbox 329 2013 481 2095; baseline -0.007 -19"><span class='ocrx_word' id='word_1_160' title='bbox 329 2013 481 2095; x_wconf 89' lang='lat' dir='ltr'><strong>puniatur.</strong></span> 
     </span>
    </p>
   </div>
   <div class='ocr_carea' id='block_1_2' title="bbox 270 2189 1202 2269">
    <p class='ocr_par' dir='ltr' id='par_1_2' title="bbox 270 2189 1202 2269">
     <span class='ocr_line' id='line_1_16' title="bbox 270 2189 1202 2269; baseline 0.006 -19"><span class='ocrx_word' id='word_1_161' title='bbox 270 2209 300 2264; x_wconf 87' lang='lat'><strong>15</strong></span> <span class='ocrx_word' id='word_1_162' title='bbox 409 2193 558 2256; x_wconf 79' lang='lat' dir='ltr'>LXXIV.</span> <span class='ocrx_word' id='word_1_163' title='bbox 581 2193 634 2255; x_wconf 86' lang='lat' dir='ltr'><strong>De</strong></span> <span class='ocrx_word' id='word_1_164' title='bbox 655 2208 744 2269; x_wconf 84' lang='lat' dir='ltr'><strong>pena</strong></span> <span class='ocrx_word' id='word_1_165' title='bbox 764 2189 968 2268; x_wconf 85' lang='lat' dir='ltr'><strong>proditionis</strong></span> <span class='ocrx_word' id='word_1_166' title='bbox 989 2195 1022 2254; x_wconf 85' lang='lat' dir='ltr'><strong>et</strong></span> <span class='ocrx_word' id='word_1_167' title='bbox 1042 2191 1202 2256; x_wconf 87' lang='lat' dir='ltr'><strong>incendii.</strong></span> 
     </span>
    </p>
   </div>
   <div class='ocr_carea' id='block_1_3' title="bbox 328 2364 1717 2560">
    <p class='ocr_par' dir='ltr' id='par_1_3' title="bbox 328 2364 1717 2560">
     <span class='ocr_line' id='line_1_17' title="bbox 408 2364 1717 2442; baseline -0.008 -16"><span class='ocrx_word' id='word_1_168' title='bbox 408 2365 488 2426; x_wconf 81' lang='lat' dir='ltr'><strong>Item</strong></span> <span class='ocrx_word' id='word_1_169' title='bbox 508 2366 687 2442; x_wconf 78' lang='lat' dir='ltr'><strong>quicumque</strong></span> <span class='ocrx_word' id='word_1_170' title='bbox 707 2364 888 2424; x_wconf 87' lang='lat' dir='ltr'><strong>commiserit</strong></span> <span class='ocrx_word' id='word_1_171' title='bbox 908 2364 1107 2442; x_wconf 83' lang='lat' dir='ltr'><strong>proditionem</strong></span> <span class='ocrx_word' id='word_1_172' title='bbox 1132 2365 1182 2426; x_wconf 90' lang='lat' dir='ltr'><strong>vel</strong></span> <span class='ocrx_word' id='word_1_173' title='bbox 1213 2365 1390 2428; x_wconf 84' lang='lat' dir='ltr'><strong>damnosam</strong></span> <span class='ocrx_word' id='word_1_174' title='bbox 1422 2364 1661 2427; x_wconf 79' lang='lat' dir='ltr'><strong>combustionem</strong></span> <span class='ocrx_word' id='word_1_175' title='bbox 1716 2383 1717 2416; x_wconf 77' lang='lat'>1</span> 
     </span>
     <span class='ocr_line' id='line_1_18' title="bbox 328 2480 1317 2560; baseline 0.002 -20"><span class='ocrx_word' id='word_1_176' title='bbox 328 2482 410 2542; x_wconf 88' lang='lat' dir='ltr'><strong>intus</strong></span> <span class='ocrx_word' id='word_1_177' title='bbox 430 2480 544 2542; x_wconf 87' lang='lat' dir='ltr'><strong>dictum</strong></span> <span class='ocrx_word' id='word_1_178' title='bbox 564 2486 696 2544; x_wconf 84' lang='lat' dir='ltr'><strong>cestrum</strong></span> <span class='ocrx_word' id='word_1_179' title='bbox 716 2481 873 2555; x_wconf 75' lang='lat' dir='ltr'><strong>malitiose,</strong></span> <span class='ocrx_word' id='word_1_180' title='bbox 894 2481 1061 2542; x_wconf 88' lang='lat' dir='ltr'><strong>seeundum</strong></span> <span class='ocrx_word' id='word_1_181' title='bbox 1081 2483 1147 2542; x_wconf 83' lang='lat' dir='ltr'><strong>iura</strong></span> <span class='ocrx_word' id='word_1_182' title='bbox 1167 2483 1317 2560; x_wconf 88' lang='lat' dir='ltr'><strong>puniatur.</strong></span> 
     </span>
    </p>
   </div>
   <div class='ocr_carea' id='block_1_4' title="bbox 407 2657 1241 2736">
    <p class='ocr_par' dir='ltr' id='par_1_4' title="bbox 407 2657 1241 2736">
     <span class='ocr_line' id='line_1_19' title="bbox 407 2657 1241 2736; baseline 0 -16"><span class='ocrx_word' id='word_1_183' title='bbox 407 2660 538 2724; x_wconf 86' lang='lat' dir='ltr'>LXXV.</span> <span class='ocrx_word' id='word_1_184' title='bbox 560 2661 613 2722; x_wconf 85' lang='lat' dir='ltr'><strong>De</strong></span> <span class='ocrx_word' id='word_1_185' title='bbox 633 2676 722 2736; x_wconf 87' lang='lat' dir='ltr'><strong>pena</strong></span> <span class='ocrx_word' id='word_1_186' title='bbox 743 2657 971 2721; x_wconf 87' lang='lat' dir='ltr'><strong>mutilationis</strong></span> <span class='ocrx_word' id='word_1_187' title='bbox 991 2662 1241 2722; x_wconf 88' lang='lat' dir='ltr'><strong>membrorum.</strong></span> 
     </span>
    </p>
   </div>
   <div class='ocr_carea' id='block_1_5' title="bbox 266 2821 1717 3722">
    <p class='ocr_par' dir='ltr' id='par_1_5' title="bbox 266 2821 1717 3722">
     <span class='ocr_line' id='line_1_20' title="bbox 405 2821 1717 2906; baseline -0.005 -18"><span class='ocrx_word' id='word_1_188' title='bbox 405 2829 484 2888; x_wconf 88' lang='lat' dir='ltr'><strong>Item</strong></span> <span class='ocrx_word' id='word_1_189' title='bbox 505 2829 685 2906; x_wconf 84' lang='lat' dir='ltr'><strong>quicumque</strong></span> <span class='ocrx_word' id='word_1_190' title='bbox 704 2831 888 2890; x_wconf 84' lang='lat' dir='ltr'><strong>occeceverit</strong></span> <span class='ocrx_word' id='word_1_191' title='bbox 913 2829 1031 2888; x_wconf 87' lang='lat' dir='ltr'><strong>oculum</strong></span> <span class='ocrx_word' id='word_1_192' title='bbox 1062 2829 1169 2902; x_wconf 88' lang='lat' dir='ltr'><strong>alicui,</strong></span> <span class='ocrx_word' id='word_1_193' title='bbox 1202 2829 1252 2889; x_wconf 90' lang='lat' dir='ltr'><strong>vel</strong></span> <span class='ocrx_word' id='word_1_194' title='bbox 1282 2830 1310 2888; x_wconf 91' lang='lat' dir='ltr'><strong>ei</strong></span> <span class='ocrx_word' id='word_1_195' title='bbox 1339 2828 1511 2889; x_wconf 89' lang='lat' dir='ltr'><strong>membrum</strong></span> <span class='ocrx_word' id='word_1_196' title='bbox 1546 2821 1657 2901; x_wconf 81' lang='lat' dir='ltr'><strong>aliquod</strong></span> <span class='ocrx_word' id='word_1_197' title='bbox 1715 2847 1717 2882; x_wconf 78' lang='lat' dir='ltr'><strong>l</strong></span> 
     </span>
     <span class='ocr_line' id='line_1_21' title="bbox 268 2931 1654 3021; baseline -0.005 -17"><span class='ocrx_word' id='word_1_198' title='bbox 268 2969 302 3012; x_wconf 87' lang='lat'><strong>20</strong></span> <span class='ocrx_word' id='word_1_199' title='bbox 327 2944 510 3004; x_wconf 80' lang='lat' dir='ltr'><strong>mutilaverit</strong></span> <span class='ocrx_word' id='word_1_200' title='bbox 529 2963 584 3004; x_wconf 90' lang='lat' dir='ltr'><strong>seu</strong></span> <span class='ocrx_word' id='word_1_201' title='bbox 604 2963 713 3004; x_wconf 84' lang='lat' dir='ltr'><strong>nasum</strong></span> <span class='ocrx_word' id='word_1_202' title='bbox 732 2962 785 3004; x_wconf 87' lang='lat' dir='ltr'><strong>seu</strong></span> <span class='ocrx_word' id='word_1_203' title='bbox 805 2931 966 3021; x_wconf 76' lang='lat' dir='ltr'><strong>linguam,</strong></span> <span class='ocrx_word' id='word_1_204' title='bbox 982 2944 1164 3016; x_wconf 85' lang='lat' dir='ltr'><strong>auriculum,</strong></span> <span class='ocrx_word' id='word_1_205' title='bbox 1187 2964 1312 3017; x_wconf 86' lang='lat' dir='ltr'><strong>munus,</strong></span> <span class='ocrx_word' id='word_1_206' title='bbox 1344 2944 1526 3019; x_wconf 84' lang='lat' dir='ltr'><strong>brachium,</strong></span> <span class='ocrx_word' id='word_1_207' title='bbox 1550 2959 1654 3008; x_wconf 82' lang='lat' dir='ltr'><strong>coxam,</strong></span> 
     </span>
     <span class='ocr_line' id='line_1_22' title="bbox 325 3059 1717 3138; baseline -0.003 -19"><span class='ocrx_word' id='word_1_208' title='bbox 325 3059 430 3120; x_wconf 86' lang='lat' dir='ltr'><strong>tibiam</strong></span> <span class='ocrx_word' id='word_1_209' title='bbox 449 3061 500 3122; x_wconf 88' lang='lat' dir='ltr'><strong>vel</strong></span> <span class='ocrx_word' id='word_1_210' title='bbox 521 3061 631 3138; x_wconf 89' lang='lat' dir='ltr'><strong>pedem</strong></span> <span class='ocrx_word' id='word_1_211' title='bbox 651 3061 785 3120; x_wconf 88' lang='lat' dir='ltr'><strong>inciserit</strong></span> <span class='ocrx_word' id='word_1_212' title='bbox 805 3061 854 3121; x_wconf 90' lang='lat' dir='ltr'><strong>vel</strong></span> <span class='ocrx_word' id='word_1_213' title='bbox 874 3059 1011 3120; x_wconf 88' lang='lat' dir='ltr'><strong>inutilem</strong></span> <span class='ocrx_word' id='word_1_214' title='bbox 1032 3059 1175 3134; x_wconf 89' lang='lat' dir='ltr'><strong>redderit,</strong></span> <span class='ocrx_word' id='word_1_215' title='bbox 1190 3081 1246 3137; x_wconf 92' lang='lat' dir='ltr'><strong>pro</strong></span> <span class='ocrx_word' id='word_1_216' title='bbox 1259 3059 1393 3137; x_wconf 91' lang='lat' dir='ltr'><strong>quolibet</strong></span> <span class='ocrx_word' id='word_1_217' title='bbox 1408 3060 1562 3122; x_wconf 88' lang='lat' dir='ltr'><strong>dictorum</strong></span> <span class='ocrx_word' id='word_1_218' title='bbox 1577 3075 1657 3116; x_wconf 88' lang='lat' dir='ltr'><strong>mem·</strong></span> <span class='ocrx_word' id='word_1_219' title='bbox 1715 3077 1717 3110; x_wconf 71' lang='lat' dir='ltr'><strong>l</strong></span> 
     </span>
     <span class='ocr_line' id='line_1_23' title="bbox 326 3174 1717 3255; baseline -0.002 -21"><span class='ocrx_word' id='word_1_220' title='bbox 326 3174 449 3238; x_wconf 91' lang='lat' dir='ltr'><strong>brorum</strong></span> <span class='ocrx_word' id='word_1_221' title='bbox 468 3177 611 3255; x_wconf 82' lang='lat' dir='ltr'><strong>puniatur</strong></span> <span class='ocrx_word' id='word_1_222' title='bbox 630 3178 662 3235; x_wconf 90' lang='lat' dir='ltr'><strong>in</strong></span> <span class='ocrx_word' id='word_1_223' title='bbox 682 3175 777 3236; x_wconf 89' lang='lat' dir='ltr'><strong>XXV</strong></span> <span class='ocrx_word' id='word_1_224' title='bbox 796 3175 881 3236; x_wconf 90' lang='lat' dir='ltr'><strong>libris</strong></span> <span class='ocrx_word' id='word_1_225' title='bbox 903 3175 1103 3235; x_wconf 88' lang='lat' dir='ltr'><strong>denariorum.</strong></span> <span class='ocrx_word' id='word_1_226' title='bbox 1125 3175 1342 3252; x_wconf 77' lang='lat' dir='ltr'><strong>Quodcumque</strong></span> <span class='ocrx_word' id='word_1_227' title='bbox 1363 3196 1435 3238; x_wconf 90' lang='lat' dir='ltr'><strong>vero</strong></span> <span class='ocrx_word' id='word_1_228' title='bbox 1457 3176 1545 3238; x_wconf 80' lang='lat' dir='ltr'><strong>aliud</strong></span> <span class='ocrx_word' id='word_1_229' title='bbox 1573 3190 1653 3232; x_wconf 87' lang='lat' dir='ltr'><strong>mem·</strong></span> <span class='ocrx_word' id='word_1_230' title='bbox 1716 3193 1717 3225; x_wconf 72' lang='lat'>1</span> 
     </span>
     <span class='ocr_line' id='line_1_24' title="bbox 326 3290 1717 3371; baseline -0.004 -19"><span class='ocrx_word' id='word_1_231' title='bbox 326 3291 415 3366; x_wconf 88' lang='lat' dir='ltr'><strong>brum</strong></span> <span class='ocrx_word' id='word_1_232' title='bbox 435 3293 541 3354; x_wconf 91' lang='lat' dir='ltr'><strong>inutile</strong></span> <span class='ocrx_word' id='word_1_233' title='bbox 561 3292 696 3353; x_wconf 90' lang='lat' dir='ltr'><strong>redderit</strong></span> <span class='ocrx_word' id='word_1_234' title='bbox 715 3311 769 3353; x_wconf 90' lang='lat' dir='ltr'><strong>seu</strong></span> <span class='ocrx_word' id='word_1_235' title='bbox 789 3292 930 3364; x_wconf 89' lang='lat' dir='ltr'><strong>inciserit,</strong></span> <span class='ocrx_word' id='word_1_236' title='bbox 952 3292 984 3350; x_wconf 88' lang='lat' dir='ltr'><strong>iu</strong></span> <span class='ocrx_word' id='word_1_237' title='bbox 1003 3291 1036 3350; x_wconf 94' lang='lat' dir='ltr'>X</span> <span class='ocrx_word' id='word_1_238' title='bbox 1055 3290 1140 3350; x_wconf 91' lang='lat' dir='ltr'><strong>libris</strong></span> <span class='ocrx_word' id='word_1_239' title='bbox 1165 3291 1357 3353; x_wconf 84' lang='lat' dir='ltr'><strong>denariorum</strong></span> <span class='ocrx_word' id='word_1_240' title='bbox 1376 3313 1431 3371; x_wconf 91' lang='lat' dir='ltr'><strong>pro</strong></span> <span class='ocrx_word' id='word_1_241' title='bbox 1452 3292 1591 3370; x_wconf 89' lang='lat' dir='ltr'><strong>quolibet</strong></span> <span class='ocrx_word' id='word_1_242' title='bbox 1610 3303 1656 3365; x_wconf 85' lang='lat' dir='ltr'><strong>pu·</strong></span> <span class='ocrx_word' id='word_1_243' title='bbox 1716 3313 1717 3339; x_wconf 65' lang='grc' dir='ltr'><strong>ι</strong></span> 
     </span>
     <span class='ocr_line' id='line_1_25' title="bbox 327 3403 1717 3488; baseline -0.004 -18"><span class='ocrx_word' id='word_1_244' title='bbox 327 3411 435 3484; x_wconf 80' lang='lat' dir='ltr'><strong>matur,</strong></span> <span class='ocrx_word' id='word_1_245' title='bbox 456 3429 511 3488; x_wconf 90' lang='lat' dir='ltr'><strong>pro</strong></span> <span class='ocrx_word' id='word_1_246' title='bbox 532 3409 627 3488; x_wconf 87' lang='lat' dir='ltr'><strong>digito</strong></span> <span class='ocrx_word' id='word_1_247' title='bbox 649 3410 754 3469; x_wconf 82' lang='lat' dir='ltr'><strong>melori</strong></span> <span class='ocrx_word' id='word_1_248' title='bbox 774 3429 880 3470; x_wconf 81' lang='lat' dir='ltr'><strong>manus</strong></span> <span class='ocrx_word' id='word_1_249' title='bbox 900 3410 932 3467; x_wconf 91' lang='lat' dir='ltr'><strong>in</strong></span> <span class='ocrx_word' id='word_1_250' title='bbox 952 3408 985 3468; x_wconf 91' lang='lat' dir='ltr'>X</span> <span class='ocrx_word' id='word_1_251' title='bbox 1005 3408 1090 3469; x_wconf 90' lang='lat' dir='ltr'><strong>libris</strong></span> <span class='ocrx_word' id='word_1_252' title='bbox 1103 3411 1253 3487; x_wconf 85' lang='lat' dir='ltr'><strong>puniatur,</strong></span> <span class='ocrx_word' id='word_1_253' title='bbox 1269 3430 1323 3488; x_wconf 93' lang='lat' dir='ltr'><strong>pro</strong></span> <span class='ocrx_word' id='word_1_254' title='bbox 1337 3408 1472 3487; x_wconf 89' lang='lat' dir='ltr'><strong>quolibet</strong></span> <span class='ocrx_word' id='word_1_255' title='bbox 1489 3412 1552 3471; x_wconf 88' lang='lat' dir='ltr'><strong>alio</strong></span> <span class='ocrx_word' id='word_1_256' title='bbox 1568 3403 1652 3482; x_wconf 80' lang='lat' dir='ltr'><strong>digito</strong></span> <span class='ocrx_word' id='word_1_257' title='bbox 1716 3421 1717 3454; x_wconf 74' lang='lat'><strong><em>1</em></strong></span> 
     </span>
     <span class='ocr_line' id='line_1_26' title="bbox 266 3523 1652 3608; baseline -0.003 -24"><span class='ocrx_word' id='word_1_258' title='bbox 266 3551 302 3608; x_wconf 87' lang='lat'><strong>25</strong></span> <span class='ocrx_word' id='word_1_259' title='bbox 327 3526 360 3584; x_wconf 94' lang='lat' dir='ltr'><strong>in</strong></span> <span class='ocrx_word' id='word_1_260' title='bbox 380 3529 502 3588; x_wconf 89' lang='lat' dir='ltr'><strong>centum</strong></span> <span class='ocrx_word' id='word_1_261' title='bbox 520 3525 624 3588; x_wconf 84' lang='lat' dir='ltr'><strong>solidis</strong></span> <span class='ocrx_word' id='word_1_262' title='bbox 643 3525 795 3603; x_wconf 86' lang='lat' dir='ltr'><strong>puniatur.</strong></span> <span class='ocrx_word' id='word_1_263' title='bbox 808 3523 850 3584; x_wconf 81' lang='lat' dir='ltr'><strong>Et</strong></span> <span class='ocrx_word' id='word_1_264' title='bbox 867 3525 900 3584; x_wconf 94' lang='lat' dir='ltr'><strong>in</strong></span> <span class='ocrx_word' id='word_1_265' title='bbox 920 3523 1053 3602; x_wconf 90' lang='lat' dir='ltr'><strong>quolibet</strong></span> <span class='ocrx_word' id='word_1_266' title='bbox 1066 3523 1270 3603; x_wconf 89' lang='lat' dir='ltr'><strong>predictorum</strong></span> <span class='ocrx_word' id='word_1_267' title='bbox 1284 3543 1416 3598; x_wconf 71' lang='lat' dir='ltr'><strong>casuum</strong></span> <span class='ocrx_word' id='word_1_268' title='bbox 1436 3525 1463 3586; x_wconf 85' lang='lat' dir='ltr'><strong>ei</strong></span> <span class='ocrx_word' id='word_1_269' title='bbox 1478 3525 1652 3599; x_wconf 77' lang='lat' dir='ltr'><strong>delinquens</strong></span> 
     </span>
     <span class='ocr_line' id='line_1_27' title="bbox 328 3639 1238 3722; baseline -0.003 -18"><span class='ocrx_word' id='word_1_270' title='bbox 328 3662 437 3721; x_wconf 84' lang='lat' dir='ltr'><strong>penam</strong></span> <span class='ocrx_word' id='word_1_271' title='bbox 455 3643 574 3706; x_wconf 85' lang='lat' dir='ltr'><strong>solvere</strong></span> <span class='ocrx_word' id='word_1_272' title='bbox 593 3662 655 3704; x_wconf 88' lang='lat' dir='ltr'><strong>non</strong></span> <span class='ocrx_word' id='word_1_273' title='bbox 673 3642 792 3722; x_wconf 89' lang='lat' dir='ltr'><strong>poterit,</strong></span> <span class='ocrx_word' id='word_1_274' title='bbox 813 3639 980 3702; x_wconf 89' lang='lat' dir='ltr'><strong>secundum</strong></span> <span class='ocrx_word' id='word_1_275' title='bbox 1000 3642 1067 3702; x_wconf 86' lang='lat' dir='ltr'><strong>iura</strong></span> <span class='ocrx_word' id='word_1_276' title='bbox 1086 3642 1238 3720; x_wconf 83' lang='lat' dir='ltr'><strong>puniatur.</strong></span> 
     </span>
    </p>
   </div>
   <div class='ocr_carea' id='block_1_6' title="bbox 407 3818 919 3897">
    <p class='ocr_par' dir='ltr' id='par_1_6' title="bbox 407 3818 919 3897">
     <span class='ocr_line' id='line_1_28' title="bbox 407 3818 919 3897; baseline -0.002 -16"><span class='ocrx_word' id='word_1_277' title='bbox 407 3819 556 3882; x_wconf 88' lang='lat' dir='ltr'>LXXVI.</span> <span class='ocrx_word' id='word_1_278' title='bbox 579 3820 632 3880; x_wconf 86' lang='lat' dir='ltr'><strong>De</strong></span> <span class='ocrx_word' id='word_1_279' title='bbox 652 3837 741 3897; x_wconf 88' lang='lat' dir='ltr'><strong>pena</strong></span> <span class='ocrx_word' id='word_1_280' title='bbox 761 3818 919 3881; x_wconf 86' lang='lat' dir='ltr'><strong>insultus.</strong></span> 
     </span>
    </p>
   </div>
   <div class='ocr_carea' id='block_1_7' title="bbox 406 3990 1717 4102">
    <p class='ocr_par' dir='ltr' id='par_1_7' title="bbox 406 3981 1717 4102">
     <span class='ocr_line' id='line_1_29' title="bbox 406 3990 1717 4102; baseline -0.001 -54"><span class='ocrx_word' id='word_1_281' title='bbox 406 3990 487 4051; x_wconf 91' lang='lat' dir='ltr'><strong>Item</strong></span> <span class='ocrx_word' id='word_1_282' title='bbox 509 3991 535 4050; x_wconf 91' lang='lat' dir='ltr'><strong>si</strong></span> <span class='ocrx_word' id='word_1_283' title='bbox 555 3991 662 4067; x_wconf 87' lang='lat' dir='ltr'><strong>aliquis</strong></span> <span class='ocrx_word' id='word_1_284' title='bbox 683 3991 851 4052; x_wconf 85' lang='lat' dir='ltr'><strong>asseliverit</strong></span> <span class='ocrx_word' id='word_1_285' title='bbox 871 3991 1001 4068; x_wconf 81' lang='lat' dir='ltr'><strong>aliquem</strong></span> <span class='ocrx_word' id='word_1_286' title='bbox 1021 4011 1075 4051; x_wconf 85' lang='lat' dir='ltr'><strong>seu</strong></span> <span class='ocrx_word' id='word_1_287' title='bbox 1100 3991 1290 4052; x_wconf 86' lang='lat' dir='ltr'><strong>insultaverit</strong></span> <span class='ocrx_word' id='word_1_288' title='bbox 1315 3992 1347 4052; x_wconf 87' lang='lat' dir='ltr'><strong>in</strong></span> <span class='ocrx_word' id='word_1_289' title='bbox 1378 4011 1568 4069; x_wconf 88' lang='lat' dir='ltr'><strong>quocumque</strong></span> <span class='ocrx_word' id='word_1_290' title='bbox 1593 3990 1648 4048; x_wconf 84' lang='lat' dir='ltr'><strong>loco</strong></span> <span class='ocrx_word' id='word_1_291' title='bbox 1715 4075 1717 4102; x_wconf 53' lang='grc' dir='ltr'>Ι</span> 
     </span>
    </p>
   </div>
   <div class='ocr_carea' id='block_1_8' title="bbox 270 4105 1717 4652">
    <p class='ocr_par' dir='ltr' id='par_1_8' title="bbox 328 4105 1717 4188">
     <span class='ocr_line' id='line_1_30' title="bbox 328 4105 1717 4188; baseline -0.002 -22"><span class='ocrx_word' id='word_1_292' title='bbox 328 4105 517 4179; x_wconf 84' lang='lat' dir='ltr'><strong>existentem,</strong></span> <span class='ocrx_word' id='word_1_293' title='bbox 538 4106 681 4184; x_wconf 86' lang='lat' dir='ltr'><strong>puniatur</strong></span> <span class='ocrx_word' id='word_1_294' title='bbox 694 4108 725 4165; x_wconf 89' lang='lat' dir='ltr'><strong>in</strong></span> <span class='ocrx_word' id='word_1_295' title='bbox 739 4108 798 4167; x_wconf 85' lang='lat' dir='ltr'>XL</span> <span class='ocrx_word' id='word_1_296' title='bbox 818 4107 930 4181; x_wconf 84' lang='lat' dir='ltr'><strong>solidis,</strong></span> <span class='ocrx_word' id='word_1_297' title='bbox 952 4109 1044 4167; x_wconf 81' lang='lat' dir='ltr'><strong>salvis</strong></span> <span class='ocrx_word' id='word_1_298' title='bbox 1065 4108 1131 4166; x_wconf 86' lang='lat' dir='ltr'><strong>aliis</strong></span> <span class='ocrx_word' id='word_1_299' title='bbox 1151 4109 1237 4184; x_wconf 91' lang='lat' dir='ltr'><strong>penis</strong></span> <span class='ocrx_word' id='word_1_300' title='bbox 1252 4105 1303 4188; x_wconf 87' lang='lat' dir='ltr'><strong>[in]</strong></span> <span class='ocrx_word' id='word_1_301' title='bbox 1320 4127 1394 4183; x_wconf 84' lang='lat' dir='ltr'><strong>quae</strong></span> <span class='ocrx_word' id='word_1_302' title='bbox 1415 4107 1549 4168; x_wconf 89' lang='lat' dir='ltr'><strong>incidere</strong></span> <span class='ocrx_word' id='word_1_303' title='bbox 1562 4107 1650 4186; x_wconf 81' lang='lat' dir='ltr'><strong>potest</strong></span> <span class='ocrx_word' id='word_1_304' title='bbox 1716 4125 1717 4155; x_wconf 72' lang='lat'>;</span> 
     </span>
    </p>

    <p class='ocr_par' dir='ltr' id='par_1_9' title="bbox 270 4219 1717 4652">
     <span class='ocr_line' id='line_1_31' title="bbox 270 4219 1717 4304; baseline -0.001 -24"><span class='ocrx_word' id='word_1_305' title='bbox 270 4243 302 4300; x_wconf 81' lang='lat'><strong>30</strong></span> <span class='ocrx_word' id='word_1_306' title='bbox 329 4242 382 4300; x_wconf 88' lang='lat' dir='ltr'><strong>pro</strong></span> <span class='ocrx_word' id='word_1_307' title='bbox 404 4223 470 4282; x_wconf 85' lang='lat' dir='ltr'><strong>aliis</strong></span> <span class='ocrx_word' id='word_1_308' title='bbox 490 4222 674 4296; x_wconf 82' lang='lat' dir='ltr'><strong>excessibus,</strong></span> <span class='ocrx_word' id='word_1_309' title='bbox 695 4243 770 4300; x_wconf 86' lang='lat' dir='ltr'><strong>quos</strong></span> <span class='ocrx_word' id='word_1_310' title='bbox 790 4225 997 4284; x_wconf 88' lang='lat' dir='ltr'><strong>committeret.</strong></span> <span class='ocrx_word' id='word_1_311' title='bbox 1009 4224 1049 4282; x_wconf 86' lang='lat' dir='ltr'><strong>Et</strong></span> <span class='ocrx_word' id='word_1_312' title='bbox 1067 4225 1093 4283; x_wconf 84' lang='lat' dir='ltr'><strong>si</strong></span> <span class='ocrx_word' id='word_1_313' title='bbox 1113 4223 1152 4284; x_wconf 92' lang='lat' dir='ltr'><strong>de</strong></span> <span class='ocrx_word' id='word_1_314' title='bbox 1172 4228 1259 4283; x_wconf 91' lang='lat' dir='ltr'><strong>nocte</strong></span> <span class='ocrx_word' id='word_1_315' title='bbox 1279 4222 1372 4282; x_wconf 91' lang='lat' dir='ltr'><strong>fuerit</strong></span> <span class='ocrx_word' id='word_1_316' title='bbox 1390 4225 1533 4301; x_wconf 85' lang='lat' dir='ltr'><strong>puniatur</strong></span> <span class='ocrx_word' id='word_1_317' title='bbox 1554 4226 1585 4283; x_wconf 90' lang='lat' dir='ltr'><strong>in</strong></span> <span class='ocrx_word' id='word_1_318' title='bbox 1604 4219 1648 4278; x_wconf 86' lang='lat' dir='ltr'><strong>du·</strong></span> <span class='ocrx_word' id='word_1_319' title='bbox 1715 4259 1717 4304; x_wconf 67' lang='grc' dir='ltr'>Ι</span> 
     </span>
     <span class='ocr_line' id='line_1_32' title="bbox 329 4336 1646 4418; baseline 0.001 -22"><span class='ocrx_word' id='word_1_320' title='bbox 329 4339 422 4417; x_wconf 91' lang='lat' dir='ltr'><strong>plum,</strong></span> <span class='ocrx_word' id='word_1_321' title='bbox 444 4343 474 4398; x_wconf 94' lang='lat' dir='ltr'><strong>et</strong></span> <span class='ocrx_word' id='word_1_322' title='bbox 495 4341 545 4415; x_wconf 90' lang='lat' dir='ltr'><strong>qui</strong></span> <span class='ocrx_word' id='word_1_323' title='bbox 566 4358 635 4399; x_wconf 93' lang='lat' dir='ltr'><strong>eum</strong></span> <span class='ocrx_word' id='word_1_324' title='bbox 655 4343 727 4399; x_wconf 91' lang='lat' dir='ltr'><strong>tunc</strong></span> <span class='ocrx_word' id='word_1_325' title='bbox 748 4338 914 4400; x_wconf 85' lang='lat' dir='ltr'><strong>offenderet</strong></span> <span class='ocrx_word' id='word_1_326' title='bbox 934 4343 1067 4400; x_wconf 85' lang='lat' dir='ltr'><strong>trauseat</strong></span> <span class='ocrx_word' id='word_1_327' title='bbox 1087 4341 1152 4399; x_wconf 86' lang='lat' dir='ltr'><strong>sine</strong></span> <span class='ocrx_word' id='word_1_328' title='bbox 1172 4359 1259 4418; x_wconf 85' lang='lat' dir='ltr'><strong>pena.</strong></span> <span class='ocrx_word' id='word_1_329' title='bbox 1278 4339 1515 4399; x_wconf 85' lang='lat' dir='ltr'><strong>Asselimentum</strong></span> <span class='ocrx_word' id='word_1_330' title='bbox 1535 4359 1605 4400; x_wconf 91' lang='lat' dir='ltr'><strong>vero</strong></span> <span class='ocrx_word' id='word_1_331' title='bbox 1622 4336 1646 4392; x_wconf 79' lang='lat' dir='ltr'><strong>et</strong></span> 
     </span>
     <span class='ocr_line' id='line_1_33' title="bbox 329 4450 1717 4534; baseline -0.003 -20"><span class='ocrx_word' id='word_1_332' title='bbox 329 4455 475 4516; x_wconf 89' lang='lat' dir='ltr'><strong>insultum</strong></span> <span class='ocrx_word' id='word_1_333' title='bbox 494 4455 624 4534; x_wconf 84' lang='lat' dir='ltr'><strong>intelligi</strong></span> <span class='ocrx_word' id='word_1_334' title='bbox 643 4456 782 4517; x_wconf 90' lang='lat' dir='ltr'><strong>volumus</strong></span> <span class='ocrx_word' id='word_1_335' title='bbox 804 4476 872 4517; x_wconf 91' lang='lat' dir='ltr'><strong>cum</strong></span> <span class='ocrx_word' id='word_1_336' title='bbox 893 4456 1023 4532; x_wconf 89' lang='lat' dir='ltr'><strong>eliquem</strong></span> <span class='ocrx_word' id='word_1_337' title='bbox 1037 4454 1204 4516; x_wconf 85' lang='lat' dir='ltr'><strong>offenderet</strong></span> <span class='ocrx_word' id='word_1_338' title='bbox 1218 4455 1267 4517; x_wconf 89' lang='lat' dir='ltr'><strong>vel</strong></span> <span class='ocrx_word' id='word_1_339' title='bbox 1281 4453 1434 4515; x_wconf 85' lang='lat' dir='ltr'><strong>offendere</strong></span> <span class='ocrx_word' id='word_1_340' title='bbox 1448 4455 1549 4529; x_wconf 85' lang='lat' dir='ltr'><strong>vellet,</strong></span> <span class='ocrx_word' id='word_1_341' title='bbox 1568 4450 1647 4516; x_wconf 85' lang='lat' dir='ltr'><strong>nullis</strong></span> <span class='ocrx_word' id='word_1_342' title='bbox 1715 4465 1717 4494; x_wconf 45' lang='grc' dir='ltr'>ἰ</span> 
     </span>
     <span class='ocr_line' id='line_1_34' title="bbox 330 4570 693 4652; baseline -0.006 -18"><span class='ocrx_word' id='word_1_343' title='bbox 330 4571 432 4634; x_wconf 88' lang='lat' dir='ltr'><strong>verbis</strong></span> <span class='ocrx_word' id='word_1_344' title='bbox 450 4570 693 4652; x_wconf 85' lang='lat' dir='ltr'><strong>precedentibus.</strong></span> 
     </span>
    </p>
   </div>
   <div class='ocr_carea' id='block_1_9' title="bbox 0 0 1736 5508">
    <p class='ocr_par' dir='ltr' id='par_1_10' title="bbox 0 0 1736 5508">
     <span class='ocr_line' id='line_1_35' title="bbox 0 0 1736 5508; baseline 0 2"><span class='ocrx_word' id='word_1_345' title='bbox 0 0 1736 5508; x_wconf 95' lang='lat' dir='ltr'><strong> </strong></span> 
     </span>
    </p>
   </div>
  </div>
 </body>
</html>
