3464 5508
668 485 706 494 ..
727 449 766 508 35
789 483 826 494 .-

51 569 127 642 post
152 568 281 629 dictum
301 568 435 630 bannum
454 569 480 628 si
501 568 568 644 quis
588 565 806 639 contrafecerit,
827 565 970 643 puniatur
989 565 1022 623 in
1040 564 1108 622 XII
1129 563 1260 624 denariis
1280 561 1414 640 quelibet

52 683 126 741 vice
151 704 224 760 qna
244 687 387 745 inventus
407 682 499 743 fuerit
520 683 602 742 canis
622 683 687 742 sine
707 682 826 741 uncino.
850 681 949 741 Salvis
969 679 1095 740 canibus
1115 684 1301 753 venatorum,
1316 683 1347 738 et
1362 680 1414 754 qui

51 817 120 856 non
144 799 238 860 irent
258 799 340 860 foras
360 819 428 859 cum
449 797 561 871 bestiis,
583 795 692 874 quibus
712 797 801 856 liceat
831 796 974 856 accedere
1004 798 1069 856 sine
1100 797 1218 856 uncinis
1249 816 1302 874 pro
1333 795 1412 856 velle

52 917 205 988 patroni.
226 915 268 974 Et
287 914 326 973 ad
347 914 460 975 dictum
480 912 614 972 bannum
633 916 795 972 teneantur
815 911 910 973 donec
930 913 1075 990 incipiant
1095 909 1256 984 vindemie,
1289 914 1320 969 et
1351 929 1412 970 non

54 1028 159 1090 ultra.

147 1209 321 1272 CXXXV.
342 1212 395 1270 De
416 1225 504 1284 pena
525 1205 841 1269 accettomantium.

148 1377 237 1439 Item
258 1378 338 1455 quod
358 1379 471 1455 siquis
492 1379 735 1438 accottcmaverit
754 1378 786 1435 in
807 1376 887 1436 dien
908 1379 1006 1435 castro
1027 1374 1076 1434 vel
1096 1376 1162 1434 eins
1181 1375 1331 1434 territorio
1363 1393 1411 1434 res

57 1491 194 1568 aliquas
213 1499 316 1572 preter
336 1514 473 1572 granum,
495 1495 608 1568 vinum,
630 1492 776 1552 hordeum
797 1497 827 1551 et
848 1509 935 1552 omne
965 1489 1098 1564 bladum,
1130 1493 1273 1569 puniatur
1294 1493 1326 1550 in
1345 1491 1411 1549 XX

59 1608 191 1670 solidos
211 1613 278 1671 viee
299 1609 441 1688 qualibet.

155 1789 340 1850 CXXXVI.
361 1791 414 1850 De
434 1785 531 1864 penis
552 1804 621 1848 non
643 1785 814 1862 expressis
835 1785 871 1848 in
892 1785 1038 1848 statutis.
1441 1807 1473 1846 ro

154 1962 236 2020 Item
257 1959 337 2037 quod
357 1961 389 2018 in
410 1957 548 2018 omnibus
569 1957 688 2018 casibus
718 1959 870 2036 expressis
900 1959 932 2016 in
963 1956 1169 2034 superioribus
1200 1958 1341 2035 capitulis
1371 1958 1409 2018 de

66 2074 195 2136 damnis
216 2076 303 2148 datis,
325 2075 507 2134 castellanus
526 2078 557 2132 et
578 2073 670 2135 balivi
698 2075 863 2151 procedant
894 2079 924 2132 et
954 2075 1082 2152 punient
1111 2078 1201 2150 prout
1230 2075 1339 2133 iacent.
1370 2074 1410 2134 In

63 2190 137 2249 aliis
162 2210 233 2252 vero
254 2190 292 2249 de
313 2187 421 2266 quibus
443 2190 472 2247 in
493 2188 684 2266 presentibus
705 2191 825 2249 statutis
846 2209 907 2248 non
927 2187 961 2247 fit
983 2191 1102 2262 mentio,
1124 2187 1291 2266 procedant
1311 2193 1341 2248 et
1354 2209 1409 2268 pu·

65 2308 160 2367 nient
180 2307 218 2368 de
238 2305 386 2367 similibus
407 2306 446 2364 ad
466 2307 583 2366 similia.
602 2308 643 2366 Et
663 2309 689 2366 si
710 2307 830 2384 aliquod
852 2306 975 2366 dubium
997 2309 1132 2376 oriretur,
1154 2311 1284 2384 ponatur
1305 2312 1336 2367 et
1348 2315 1407 2366 ste-

68 2426 122 2481 tur
145 2425 254 2486 iudicio
275 2419 516 2504 supradictorum
535 2422 682 2484 bonorum
703 2425 835 2484 virorum
849 2425 1020 2499 electorum,
1037 2429 1067 2484 et
1081 2424 1120 2484 ad
1134 2441 1237 2483 eorum
1251 2423 1408 2484 arbitrium
1438 2435 1468 2489 15

69 2541 313 2601 condemnentur
332 2549 364 2601 et
384 2539 579 2602 absolvantur
599 2541 631 2598 in
651 2540 687 2599 iis
708 2538 836 2600 casibus.

153 2719 351 2781 cxxxvfl.
372 2721 426 2780 De
447 2716 613 2794 eligendis
625 2715 916 2821 superstantibus.

154 2889 233 2950 Item
254 2888 335 2965 quod
356 2889 436 2948 omni
457 2908 536 2947 anuo
557 2889 709 2966 eligantur
731 2888 789 2948 duo
810 2887 881 2948 boni
902 2889 960 2950 viri
981 2891 1032 2965 qui
1062 2892 1242 2966 potestatem
1273 2886 1405 2947 habeant

71 3004 203 3077 ponendi
224 3023 331 3063 carnes
351 3005 491 3064 vaccinas
512 3003 631 3079 quando
662 3004 860 3062 macellantur
891 3007 922 3062 et
951 3023 1053 3063 eorum
1084 3003 1193 3063 iudicio
1224 3002 1405 3078 vendentur,

72 3122 206 3197 exceptis
227 3118 368 3179 carnibus
389 3120 531 3181 vitellinis
553 3118 592 3177 ad
612 3120 667 3178 lac.
689 3120 774 3178 Etsi
795 3121 862 3196 quis
883 3120 1072 3179 macellarius
1093 3118 1322 3194 contrafecerit,
1350 3141 1404 3197 pu·
1434 3121 1468 3161 ²⁰

75 3234 175 3293 niatur
193 3236 224 3292 in
245 3235 305 3293 XL
326 3233 437 3294 solidis.
460 3234 545 3293 Alias
566 3254 672 3294 carnes
693 3235 826 3294 vendant
847 3237 924 3294 sicut
945 3235 1119 3296 venduntur
1140 3237 1171 3294 in
1191 3235 1326 3294 Paliano.
1342 3235 1406 3295 Ha-

73 3346 165 3410 beant
184 3355 275 3410 ctiam
294 3355 473 3428 potestatem
492 3350 625 3429 ponendi
645 3352 749 3410 vinum
771 3351 890 3427 quaudo
921 3351 1063 3411 venditur
1094 3352 1133 3410 ad
1163 3350 1319 3410 tabernam
1350 3371 1404 3430 per

74 3464 268 3538 tabernarios,
292 3472 323 3527 et
343 3465 382 3525 ed
402 3486 506 3526 eorum
527 3466 684 3527 arbitrium
705 3467 863 3528 vendatur.
885 3467 925 3525 Et
955 3468 1012 3527 hoc
1043 3469 1232 3545 intelligatur
1264 3468 1301 3527 de
1332 3470 1402 3529 vino

75 3582 168 3640 solum
187 3582 267 3658 quod
287 3585 393 3643 emerit
413 3584 462 3644 vel
482 3585 647 3661 portaverit
668 3592 754 3643 extra
776 3583 888 3642 dictum
910 3588 1042 3643 castrum
1064 3584 1101 3643 de
1123 3586 1222 3661 aliqua
1247 3592 1328 3644 terra
1358 3583 1403 3644 fo-

76 3699 163 3770 rensi,
184 3703 215 3758 et
236 3698 274 3757 de
294 3699 364 3758 vino
386 3707 504 3775 aquato
525 3699 619 3758 Aliud
640 3705 739 3758 autem
760 3701 865 3758 viuum
886 3700 965 3774 quod
988 3702 1054 3775 quis
1074 3702 1264 3777 recollegerit
1285 3700 1322 3760 de
1343 3707 1402 3760 ter·
1431 3700 1463 3753 ²5

74 3814 171 3874 ritorio
192 3814 340 3876 dictorum
361 3820 534 3889 castrorum,
557 3817 606 3876 vel
628 3818 736 3874 emitur
766 3817 798 3872 iu
829 3815 908 3874 dicto
939 3821 1037 3874 castro
1068 3818 1117 3876 vel
1149 3819 1212 3877 eius
1242 3817 1401 3890 territorio,

75 3929 203 3990 vendere
224 3932 313 3990 liceat
333 3931 372 3989 ad
392 3930 510 3990 libitum
531 3951 627 3990 suum.
649 3932 689 3989 Et
709 3933 759 4007 qui
781 3929 998 4003 contrafecerit,
1020 3933 1162 4008 puniatur
1182 3935 1213 3991 iu
1243 3933 1303 3991 XL
1334 3935 1402 3994 soli-

77 4045 128 4104 dis.
142 4047 188 4106 Iit
207 4051 369 4106 teneantur·
387 4049 479 4106 etiam
499 4047 598 4107 facere
619 4047 711 4106 fidem
732 4048 813 4124 quod
833 4068 894 4108 non
915 4049 954 4106 sit
975 4053 1125 4123 aquatum,
1152 4069 1209 4108 nec
1229 4048 1358 4110 forense.

150 4225 363 4286 CXXXVIII.
385 4229 438 4287 De
458 4242 546 4301 pena
566 4225 712 4288 viarum.
805 4247 806 4250 ¹

149 4395 226 4454 Item
249 4396 330 4470 quod
351 4398 430 4455 omni
452 4417 530 4455 anno
552 4395 631 4454 infra
652 4400 717 4455 octo
740 4398 804 4455 dies
836 4399 967 4456 intrante
1000 4419 1102 4456 mense
1133 4401 1207 4457 iunii
1239 4396 1399 4456 banniatur
1428 4395 1461 4448 3⁰

77 4509 148 4581 quod
169 4509 296 4586 quilibet
316 4511 407 4570 faciat
427 4512 559 4571 incidere
581 4533 668 4589 sepes
689 4515 774 4570 iuxta
795 4515 868 4585 vias,
892 4516 969 4571 sicut
990 4517 1088 4591 tangit
1118 4515 1266 4591 possessio
1297 4515 1399 4572 unius-

77 4625 218 4702 cuiusque,
241 4628 283 4684 ita
304 4627 384 4703 quod
404 4629 527 4687 comode
548 4630 676 4687 transire
697 4631 812 4705 possint
833 4629 968 4688 volentes
989 4632 1053 4689 siue
1075 4631 1174 4704 aliquo
1203 4631 1320 4706 sepium
1344 4649 1397 4689 seu

77 4734 229 4801 fractarum
251 4742 472 4820 impedimento,
495 4746 574 4802 intra
594 4745 755 4804 terminum
776 4745 857 4804 VIII
879 4745 994 4804 dierum
1014 4754 1083 4823 post
1107 4745 1333 4807 bannimentum
1354 4746 1397 4807 fa-
