3464 5508
904 439 943 452 ...
963 407 1003 466 22
1026 439 1062 450 ..

393 581 561 643 LXXXII.
582 583 635 644 De
655 599 744 660 pena
766 581 983 646 exlorliantla
1003 581 1176 646 mulieres.

394 755 471 814 Item
493 755 517 814 si
544 755 611 832 quis
636 752 844 816 exfortiaverit
865 756 995 832 aliquam
1026 755 1181 816 mulierem
1213 755 1292 818 boae
1323 755 1400 816 fame
1424 757 1504 817 vite
1526 755 1658 824 honeste,

315 889 405 928 eausa
425 869 627 946 cognoscendi
647 887 714 930 eam
734 871 904 946 carnaliter,
925 877 956 930 et
977 873 1153 949 cognoverit
1172 889 1238 931 eam
1259 873 1434 945 carnaliter,
1463 871 1496 929 si
1520 869 1593 946 capi
1616 889 1661 946 po

316 987 394 1060 terit,
415 987 635 1064 detrunquetur
654 987 710 1048 sibi
732 995 822 1066 caput
842 989 884 1048 ita
904 987 985 1066 quod
1005 1007 1023 1048 a
1043 986 1132 1048 busto
1152 997 1310 1066 separetur
1333 991 1365 1049 et
1393 988 1581 1058 moriatur,
1611 985 1663 1042 nisi

273 1115 284 1170 5
315 1121 386 1181 pars
407 1103 469 1164 lesa
489 1103 721 1164 misericorditer
740 1102 798 1164 sibi
818 1123 941 1182 parcere
955 1104 1038 1166 velit.
1052 1104 1092 1165 Iu
1105 1123 1164 1180 quo
1178 1123 1249 1164 casu
1264 1103 1440 1181 delinquens
1458 1100 1665 1162 solvatcurie

318 1237 373 1295 pro
393 1237 472 1296 pona
492 1217 584 1278 libras
603 1218 630 1278 L
652 1217 850 1292 denariorum,
873 1223 903 1279 et
924 1219 1111 1280 tantumdem
1132 1221 1267 1280 mulieris
1295 1218 1455 1280 exfortiate
1495 1237 1560 1296 pro
1593 1215 1665 1272 dote.

317 1333 358 1393 llt
377 1335 401 1394 si
423 1335 565 1395 maiorem
586 1334 685 1396 dotem
705 1335 840 1414 predicte
862 1337 994 1396 mulieris
1014 1337 1144 1414 qualitas
1164 1337 1349 1415 expoxcerit,
1371 1337 1456 1395 iuxta
1474 1333 1662 1412 qualitatem

318 1451 420 1528 ipsius,
443 1449 495 1510 det
514 1449 572 1510 sibi
593 1450 693 1510 dotem
714 1451 753 1512 ad
773 1449 930 1512 arbitrium
951 1451 1079 1514 duorum
1099 1451 1262 1528 hominum,
1279 1472 1359 1513 uuas
1379 1472 1519 1529 quorum
1537 1450 1666 1526 eligatur

318 1586 335 1625 a
356 1565 489 1643 qualibet
509 1571 604 1644 parte.
618 1567 658 1627 Et
671 1567 697 1628 si
710 1571 811 1646 partes
831 1566 944 1630 fuerint
964 1569 1094 1646 equales.
1116 1577 1243 1646 cogatur
1263 1569 1451 1646 delinquens,
1471 1573 1510 1628 et
1526 1566 1668 1627 similiter

260 1694 291 1732 ¹⁰
318 1683 344 1742 si
364 1683 430 1742 vult
450 1683 545 1760 ipsam
565 1702 673 1760 capere
693 1685 725 1742 ia
746 1703 879 1758 uxorem,
901 1689 932 1745 et
952 1685 1144 1746 nihilominus
1164 1686 1262 1746 solvat
1285 1687 1367 1746 curlo
1388 1685 1509 1745 dictam
1546 1702 1664 1762 penam.

320 1799 352 1858 Si
372 1803 472 1858 autem
493 1799 557 1877 capi
580 1819 638 1859 non
660 1800 778 1876 poterit,
801 1808 831 1859 et
845 1805 969 1862 vocatus
984 1821 1044 1862 aon
1058 1804 1267 1880 comparuerit,
1283 1801 1446 1874 diffidatur,
1462 1810 1500 1862 et
1518 1803 1665 1878 perpetuo
1712 1865 1713 1868 Ἴ

319 1917 421 1977 exulat
442 1915 480 1976 de
501 1916 580 1976 dicto
598 1921 696 1976 eastro
716 1924 747 1978 at
768 1917 832 1976 eius
852 1919 1011 1992 territorio,
1034 1937 1090 1978 neo
1109 1919 1256 1978 reintrare
1277 1920 1373 1996 possit
1393 1920 1452 1978 nisi
1485 1918 1595 1996 primo
1625 1932 1665 1972 sa-

319 2027 465 2090 tisfecerit
484 2031 565 2090 carle
586 2035 617 2090 et
636 2031 715 2108 parti
735 2032 807 2091 lese.
828 2031 869 2090 Et
889 2033 914 2092 si
937 2033 1137 2107 reintraverit,
1159 2037 1190 2091 et
1210 2034 1276 2112 capi
1297 2034 1426 2112 potent,
1449 2034 1607 2112 puniatur
1635 2031 1661 2085 ut

319 2165 410 2226 supra
430 2146 543 2206 dictum
564 2154 618 2207 est.
640 2146 673 2208 si
694 2166 765 2208 vero
785 2148 850 2226 ipse
871 2148 1000 2210 voluerit
1023 2151 1119 2227 ipsam
1140 2149 1312 2223 exfortiare,
1334 2152 1365 2208 et
1389 2169 1450 2210 non
1482 2144 1663 2225 cognoverit

262 2277 291 2332 15
321 2283 387 2324 eam
407 2264 574 2336 carnaliter,
596 2265 738 2342 puniatur
758 2265 790 2323 in
810 2265 875 2324 XX
895 2263 980 2324 libris
1012 2265 1203 2327 denariorum
1234 2271 1360 2326 tantum.
1391 2267 1433 2326 Et
1464 2268 1498 2326 in
1533 2259 1659 2340 quolibet
1712 2323 1713 2350 ,

321 2379 521 2458 predictorum
542 2399 665 2438 casuum
685 2380 871 2458 intelligatur
892 2382 917 2440 si
938 2380 1030 2442 fuerit
1049 2383 1121 2443 iude
1143 2382 1224 2443 facta
1245 2403 1374 2458 accusa,
1397 2384 1485 2443 aliter
1508 2401 1576 2443 non
1601 2396 1661 2456 pru

322 2494 454 2556 cedatur.
477 2495 509 2556 Si
530 2499 597 2574 qais
618 2500 718 2556 autem
739 2494 947 2558 exfortiaverit
969 2498 1100 2574 aliquam
1121 2499 1277 2559 mulierem
1297 2500 1373 2560 levis
1397 2501 1460 2560 vite
1492 2503 1528 2559 et
1561 2494 1657 2572 turpis,

1711 2587 1713 2613 l

322 2613 347 2672 si
368 2617 462 2690 nupta
482 2611 582 2686 fuerit,
604 2611 734 2673 offensor
754 2600 897 2692 puniatur
916 2617 951 2672 ut
971 2615 1003 2672 iu
1023 2614 1119 2691 primo
1140 2615 1279 2693 capitulo,
1301 2615 1328 2675 si
1353 2613 1446 2675 faerit
1478 2613 1556 2674 inde
1586 2608 1656 2668 facta

324 2747 439 2802 aeonem
461 2730 578 2790 slvere
600 2733 694 2808 nupta
715 2750 776 2789 non
795 2729 895 2802 fuerit,
917 2731 1061 2808 puniatur
1081 2731 1112 2789 in
1134 2735 1254 2790 eentum
1275 2729 1387 2804 solidis,
1409 2731 1435 2790 si
1467 2728 1567 2789 fuerit
1597 2720 1658 2782 inde
1712 2811 1713 2816 ἵ

263 2875 297 2914 20
324 2845 538 2922 proclamatum
559 2849 589 2904 et
610 2845 743 2922 legitime
763 2844 931 2924 probatum.
953 2845 1095 2906 Probatio
1116 2850 1217 2906 autem
1236 2847 1333 2925 turpis
1354 2850 1385 2906 et
1404 2845 1483 2906 levis
1505 2846 1571 2907 viae
1600 2858 1656 2918 pro·

324 2958 421 3035 betur,
443 2967 470 3022 el
493 2963 557 3023 sola
577 2961 658 3022 fama
677 2961 806 3022 sufficiat
827 2963 866 3021 ad
885 2961 1083 3040 probandum.
1712 2937 1713 2957 ἦ

406 3140 591 3200 LXXXIII.
614 3142 665 3202 De
687 3139 846 3215 nequitiis
867 3138 1064 3202 mulierum.

406 3312 484 3372 Item
505 3312 728 3372 considerantes
749 3313 897 3389 nequitias
918 3312 1085 3385 mullerem,
1107 3312 1246 3372 volumus
1273 3309 1401 3387 quodsi
1431 3310 1536 3385 aquua
1558 3304 1655 3366 mulier
1712 3295 1713 3304 ’

328 3427 418 3488 fuerit
438 3447 600 3507 pregnans,
623 3432 653 3487 et
674 3428 801 3490 voluerit
823 3429 859 3488 de
881 3429 979 3504 ailquo
1000 3447 1111 3507 ponere
1132 3427 1290 3486 clamorem
1313 3425 1441 3486 dicendo
1469 3426 1554 3502 qaod
1573 3417 1652 3481 fuerit
1712 3415 1713 3418 ’

269 3589 298 3642 25
329 3545 489 3605 exfortiata
509 3543 547 3604 ab
567 3545 617 3605 illo
639 3565 656 3604 a
676 3565 734 3621 quo
755 3550 835 3605 esset
855 3564 1016 3623 pregnans,
1040 3547 1103 3604 eius
1123 3545 1318 3623 proclamatio
1341 3564 1402 3604 non
1423 3547 1529 3602 teneat
1544 3533 1655 3603 neeed·
1712 3527 1713 3530 ¹

331 3666 474 3736 mittatur,
496 3667 527 3724 et
548 3667 704 3724 accusatus
724 3667 858 3724 transeat
877 3663 942 3722 sine
962 3682 1048 3741 pena.

411 3843 591 3904 LXXXIV.
614 3844 666 3904 De
687 3839 834 3902 termino
857 3841 936 3901 dato
958 3837 1096 3901 mulleri
1116 3839 1297 3902 exfortIate
1319 3842 1365 3902 ad
1386 3841 1627 3901 accusandum.

412 4018 490 4079 Item
511 4017 591 4094 quod
611 4018 699 4077 liceat
720 4018 837 4078 mulieri
859 4016 1027 4090 exfortiate,
1048 4015 1262 4090 cuiuscumque
1295 4014 1392 4072 status
1424 4013 1455 4069 et
1485 4002 1651 4069 conditionis
1712 3991 1713 4012 ³

333 4137 451 4206 existat,
474 4139 504 4196 et
524 4133 646 4194 cuilibet
667 4135 752 4194 caius
773 4136 898 4194 interest
918 4134 957 4195 de
979 4131 1089 4192 talibus
1110 4149 1250 4191 accusare
1271 4126 1465 4200 excessibus,
1497 4124 1578 4184 infra
1605 4128 1653 4178 ter·

274 4285 307 4338 30
334 4257 446 4315 minam
468 4253 559 4311 trium
580 4252 696 4312 dierum
717 4269 866 4322 accusare,
890 4269 908 4307 a
929 4248 978 4308 die
998 4245 1078 4306 facte
1098 4243 1155 4305 sibi
1176 4245 1283 4304 iniuria
1303 4244 1336 4302 iu
1350 4221 1440 4301 antea
1453 4231 1651 4318 computando·

333 4372 477 4448 Alioquin
499 4369 585 4428 dietis
606 4366 703 4428 tribus
724 4364 830 4426 diebus
851 4365 969 4443 elapsis,
991 4365 1058 4424 eius
1078 4382 1185 4422 accusa
1205 4383 1265 4421 non
1286 4361 1404 4430 valeat,
1428 4363 1458 4418 et
1478 4375 1535 4416 nec
1556 4347 1650 4430 inquiri

333 4491 428 4571 possit
449 4495 480 4547 et
500 4491 657 4546 accusatus
678 4489 811 4545 transeat
831 4485 896 4543 sine
916 4502 1004 4560 pena.
